# Comet ----------------------------------------------------------------

@article{garcia_photometry_2021,
	title = {Photometry of four long-period comets},
	volume = {206},
	issn = {00320633},
	url = {https://linkinghub.elsevier.com/retrieve/pii/S0032063321001471},
	doi = {10.1016/j.pss.2021.105308},
	language = {en},
	urldate = {2022-04-13},
	journal = {Planetary and Space Science},
	author = {Garcia, R.S. and Gil-Hutton, R.},
	month = oct,
	year = {2021},
	keywords = {detailed},
	pages = {105308},
}

@article{ivanova_observations_2021,
	title = {Observations of distant comet {C}/2011 {KP36} ({Spacewatch}): photometry, spectroscopy, and polarimetry},
	volume = {651},
	issn = {0004-6361, 1432-0746},
	shorttitle = {Observations of distant comet {C}/2011 {KP36} ({Spacewatch})},
	url = {https://www.aanda.org/10.1051/0004-6361/202039668},
	doi = {10.1051/0004-6361/202039668},
	language = {en},
	urldate = {2022-04-13},
	journal = {Astronomy \& Astrophysics},
	author = {Ivanova, Oleksandra and Rosenbush, Vera and Luk’yanyk, Igor and Kolokolova, Ludmilla and Kleshchonok, Valery and Kiselev, Nikolai and Afanasiev, Viktor and Renée Kirk, Zachary},
	month = jul,
	year = {2021},
	pages = {A29},
}

@article{hui_hubble_2022,
	title = {Hubble {Space} {Telescope} {Detection} of the {Nucleus} of {Comet} {C}/2014 {UN} $_{\textrm{271}}$ ({Bernardinelli}–{Bernstein})},
	volume = {929},
	issn = {2041-8205, 2041-8213},
	url = {https://iopscience.iop.org/article/10.3847/2041-8213/ac626a},
	doi = {10.3847/2041-8213/ac626a},
	language = {en},
	number = {1},
	urldate = {2022-04-18},
	journal = {The Astrophysical Journal Letters},
	author = {Hui, Man-To and Jewitt, David and Yu, Liang-Liang and Mutchler, Max J.},
	month = apr,
	year = {2022},
	pages = {L12},
}

@article{dybczynski_galactic_2022,
	title = {Galactic and stellar perturbations of long-period comet motion: {Practical} considerations},
	volume = {657},
	issn = {0004-6361, 1432-0746},
	shorttitle = {Galactic and stellar perturbations of long-period comet motion},
	url = {https://www.aanda.org/10.1051/0004-6361/202142227},
	doi = {10.1051/0004-6361/202142227},
	language = {en},
	urldate = {2022-04-18},
	journal = {Astronomy \& Astrophysics},
	author = {Dybczyński, Piotr A. and Breiter, Sławomir},
	month = jan,
	year = {2022},
	pages = {A65},
}

@article{bouziani_cometary_2022,
	title = {Cometary {Activity} beyond the {Planets}},
	volume = {924},
	issn = {0004-637X, 1538-4357},
	url = {https://iopscience.iop.org/article/10.3847/1538-4357/ac323b},
	doi = {10.3847/1538-4357/ac323b},
	language = {en},
	number = {1},
	urldate = {2022-04-18},
	journal = {The Astrophysical Journal},
	author = {Bouziani, Naceur and Jewitt, David},
	month = jan,
	year = {2022},
	pages = {37},
}

@article{ahearn_comet_1984,
	title = {Comet {Bowell} 1980b},
	volume = {89},
	issn = {0004-6256},
	url = {https://articles.adsabs.harvard.edu/pdf/1984AJ.....89..579A},
	doi = {10.1086/113552},
	number = {4},
	journal = {The Astronomical Journal},
	author = {A'Hearn, Michael F. and Schleicher, David G.},
	month = apr,
	year = {1984},
	pages = {579--591},
}

@article{wiegert_evolution_1999,
	title = {The {Evolution} of {Long}-{Period} {Comets}},
	volume = {137},
	issn = {00191035},
	url = {https://linkinghub.elsevier.com/retrieve/pii/S0019103598960407},
	doi = {10.1006/icar.1998.6040},
	language = {en},
	number = {1},
	urldate = {2022-04-18},
	journal = {Icarus},
	author = {Wiegert, Paul and Tremaine, Scott},
	month = jan,
	year = {1999},
	pages = {84--121},
}

@article{mazzotta_epifani_observational_2014,
	title = {Observational results for eight long-period comets observed far from the {Sun}},
	volume = {561},
	issn = {0004-6361, 1432-0746},
	url = {http://www.aanda.org/10.1051/0004-6361/201321290},
	doi = {10.1051/0004-6361/201321290},
	language = {en},
	urldate = {2022-04-18},
	journal = {Astronomy \& Astrophysics},
	author = {Mazzotta Epifani, E. and Perna, D. and Di Fabrizio, L. and Dall’Ora, M. and Palumbo, P. and Snodgrass, C. and Licandro, J. and Della Corte, V. and Tozzi, G. P.},
	month = jan,
	year = {2014},
	keywords = {detailed},
	pages = {A6},
}

@article{garcia_observational_2020,
	title = {Observational results for five short-period and five long-period comets},
	volume = {180},
	issn = {00320633},
	url = {https://linkinghub.elsevier.com/retrieve/pii/S0032063319302892},
	doi = {10.1016/j.pss.2019.104779},
	language = {en},
	urldate = {2022-04-18},
	journal = {Planetary and Space Science},
	author = {Garcia, R.S. and Gil-Hutton, R. and García-Migani, E.},
	month = jan,
	year = {2020},
	pages = {104779},
}

@article{jewitt_distant_2019,
	title = {Distant {Comet} {C}/2017 {K2} and the {Cohesion} {Bottleneck}},
	volume = {157},
	issn = {1538-3881},
	url = {https://iopscience.iop.org/article/10.3847/1538-3881/aaf38c},
	doi = {10.3847/1538-3881/aaf38c},
	language = {en},
	number = {2},
	urldate = {2022-04-18},
	journal = {The Astronomical Journal},
	author = {Jewitt, David and Agarwal, Jessica and Hui, Man-To and Li, Jing and Mutchler, Max and Weaver, Harold},
	month = jan,
	year = {2019},
	pages = {65},
}

@article{betzler_bvr_2020,
	title = {{BVR} photometry of comets {63P}/{Wild} 1 and {C}/2012 {K1} ({PANSTARRS})},
	volume = {365},
	issn = {0004-640X, 1572-946X},
	url = {https://link.springer.com/10.1007/s10509-020-03814-5},
	doi = {10.1007/s10509-020-03814-5},
	language = {en},
	number = {6},
	urldate = {2022-04-18},
	journal = {Astrophysics and Space Science},
	author = {Betzler, A. S. and de Sousa, O. F. and Diepvens, A. and Bettio, T. M.},
	month = jun,
	year = {2020},
	keywords = {detailed},
	pages = {102},
}

@article{samarasinha_image_2014,
	title = {Image enhancement techniques for quantitative investigations of morphological features in cometary comae: {A} comparative study},
	volume = {239},
	issn = {00191035},
	shorttitle = {Image enhancement techniques for quantitative investigations of morphological features in cometary comae},
	url = {https://linkinghub.elsevier.com/retrieve/pii/S0019103514002814},
	doi = {10.1016/j.icarus.2014.05.028},
	language = {en},
	urldate = {2022-04-19},
	journal = {Icarus},
	author = {Samarasinha, Nalin H. and Larson, Stephen M.},
	month = sep,
	year = {2014},
	pages = {168--185},
}

@article{jewitt_surface_1987,
	title = {Surface brightness profiles of 10 comets},
	volume = {317},
	issn = {0004-637X, 1538-4357},
	url = {http://adsabs.harvard.edu/doi/10.1086/165347},
	doi = {10.1086/165347},
	language = {en},
	urldate = {2022-04-19},
	journal = {The Astrophysical Journal},
	author = {Jewitt, D. C. and Meech, K. J.},
	month = jun,
	year = {1987},
	pages = {992},
}

@article{fink_calculation_2012,
	title = {The calculation of {Afρ} and mass loss rate for comets},
	volume = {221},
	issn = {00191035},
	url = {https://linkinghub.elsevier.com/retrieve/pii/S0019103512003612},
	doi = {10.1016/j.icarus.2012.09.001},
	language = {en},
	number = {2},
	urldate = {2022-04-20},
	journal = {Icarus},
	author = {Fink, Uwe and Rubin, Martin},
	month = nov,
	year = {2012},
	pages = {721--734},
}

@article{ivanova_photometry_2019,
	title = {Photometry, spectroscopy, and polarimetry of distant comet {C}/2014 {A4} ({SONEAR})},
	volume = {626},
	issn = {0004-6361, 1432-0746},
	url = {https://www.aanda.org/10.1051/0004-6361/201935077},
	doi = {10.1051/0004-6361/201935077},
	language = {en},
	urldate = {2022-04-23},
	journal = {Astronomy \& Astrophysics},
	author = {Ivanova, Oleksandra and Luk’yanyk, Igor and Kolokolova, Ludmilla and Das, Himadri Sekhar and Husárik, Marek and Rosenbush, Vera and Afanasiev, Viktor and Svoreň, Ján and Kiselev, Nikolai and Krushinsky, Vadim},
	month = jun,
	year = {2019},
	pages = {A26},
}

@article{kolokolova_polarization_2015,
	title = {Polarization of cosmic dust simulated with the rough spheroid model},
	volume = {116},
	issn = {00320633},
	url = {https://linkinghub.elsevier.com/retrieve/pii/S0032063315000665},
	doi = {10.1016/j.pss.2015.03.006},
	language = {en},
	urldate = {2022-04-24},
	journal = {Planetary and Space Science},
	author = {Kolokolova, Ludmilla and Das, Himadri Sekhar and Dubovik, Oleg and Lapyonok, Tatyana and Yang, Ping},
	month = oct,
	year = {2015},
	pages = {30--38},
}

@article{andrienko_photometric_2016,
	title = {A photometric and dynamic study of comet {C}/2013 {A1} ({Siding} {Spring}) from observations at a heliocentric distance of {\textasciitilde}4.1 {AU}},
	volume = {50},
	issn = {0038-0946, 1608-3423},
	url = {http://link.springer.com/10.1134/S0038094616020015},
	doi = {10.1134/S0038094616020015},
	language = {en},
	number = {2},
	urldate = {2022-05-06},
	journal = {Solar System Research},
	author = {Andrienko, Yu. S. and Golovin, A. V. and Ivanova, A. V. and Reshetnik, V. N. and Kolesnik, S. N. and Borisenko, S. A.},
	month = mar,
	year = {2016},
	pages = {102--112},
}

@article{gronkowski_source_2005,
	title = {The source of energy of the comet {29P}/{Schwassmann}-{Wachmann} 1 outburst activity: the test of the summary},
	volume = {360},
	issn = {00358711, 13652966},
	shorttitle = {The source of energy of the comet {29P}/{Schwassmann}-{Wachmann} 1 outburst activity},
	url = {https://academic.oup.com/mnras/article-lookup/doi/10.1111/j.1365-2966.2005.09121.x},
	doi = {10.1111/j.1365-2966.2005.09121.x},
	language = {en},
	number = {3},
	urldate = {2022-05-07},
	journal = {Monthly Notices of the Royal Astronomical Society},
	author = {Gronkowski, P.},
	month = jul,
	year = {2005},
	pages = {1153--1161},
}

@article{ivanova_observations_2011,
	title = {Observations of the long-lasting activity of the distant {Comets} {29P} {Schwassmann}–{Wachmann} 1, {C}/2003 {WT42} ({LINEAR}) and {C}/2002 {VQ94} ({LINEAR})},
	volume = {211},
	issn = {00191035},
	url = {https://linkinghub.elsevier.com/retrieve/pii/S0019103510004136},
	doi = {10.1016/j.icarus.2010.10.026},
	language = {en},
	number = {1},
	urldate = {2022-05-07},
	journal = {Icarus},
	author = {Ivanova, Oleksandra V. and Skorov, Yury V. and Korsun, Pavlo P. and Afanasiev, Viktor L. and Blum, Jürgen},
	month = jan,
	year = {2011},
	pages = {559--567},
}

@article{cordiner_sublime_2022,
	title = {A {SUBLIME} {3D} {Model} for {Cometary} {Coma} {Emission}: {The} {Hypervolatile}-rich {Comet} {C}/2016 {R2} ({PanSTARRS})},
	volume = {929},
	issn = {0004-637X, 1538-4357},
	shorttitle = {A {SUBLIME} {3D} {Model} for {Cometary} {Coma} {Emission}},
	url = {https://iopscience.iop.org/article/10.3847/1538-4357/ac5893},
	doi = {10.3847/1538-4357/ac5893},
	language = {en},
	number = {1},
	urldate = {2022-05-07},
	journal = {The Astrophysical Journal},
	author = {Cordiner, M. A. and Coulson, I. M. and Garcia-Berrios, E. and Qi, C. and Lique, F. and Zołtowski, M. and de Val-Borro, M. and Kuan, Y.-J. and Ip, W.-H. and Mairs, S. and Roth, N. X. and Charnley, S. B. and Milam, S. N. and Tseng, W.-L and Chuang, Y.-L},
	month = apr,
	year = {2022},
	pages = {38},
}

@book{thomas_introduction_2020,
	address = {Cham},
	series = {Astronomy and {Astrophysics} {Library}},
	title = {An {Introduction} to {Comets}: {Post}-{Rosetta} {Perspectives}},
	isbn = {978-3-030-50573-8 978-3-030-50574-5},
	shorttitle = {An {Introduction} to {Comets}},
	url = {http://link.springer.com/10.1007/978-3-030-50574-5},
	language = {en},
	urldate = {2022-06-04},
	publisher = {Springer International Publishing},
	author = {Thomas, Nicolas},
	year = {2020},
	doi = {10.1007/978-3-030-50574-5},
}

@article{shubina_photometry_2014,
	title = {Photometry of distant active comet {C}/2010 {S1} ({LINEAR})},
	volume = {4},
	issn = {22271481},
	url = {http://aasp.kiev.ua/index.php?text=v4-38-41-Shubina},
	doi = {10.17721/2227-1481.4.38-41},
	language = {en},
	number = {1-2},
	urldate = {2022-07-12},
	journal = {Advances in Astronomy and Space Physics},
	author = {Shubina, O. and Kulyk, I. and Korsun, P. and Romanjuk, Ya.},
	year = {2014},
	pages = {38--41},
}

@article{betzler_photometric_2018,
	title = {Photometric {Study} of {Comet} {C}/2014 {S2} ({PANSTARRS}) {After} the {Perihelion}},
	volume = {122},
	issn = {0167-9295, 1573-0794},
	url = {http://link.springer.com/10.1007/s11038-018-9521-5},
	doi = {10.1007/s11038-018-9521-5},
	language = {en},
	number = {1-2},
	urldate = {2022-07-13},
	journal = {Earth, Moon, and Planets},
	author = {Betzler, A. S. and de Sousa, O. F. and Betzler, L. B. S.},
	month = nov,
	year = {2018},
	keywords = {detailed},
	pages = {53--71},
}

@article{betzler_bvr_2020-1,
	title = {{BVR} broadband photometry of comets {1P}/{Halley} and {4P}/{Faye}},
	volume = {75},
	issn = {13841076},
	url = {https://linkinghub.elsevier.com/retrieve/pii/S1384107619301538},
	doi = {10.1016/j.newast.2019.101320},
	language = {en},
	urldate = {2022-07-13},
	journal = {New Astronomy},
	author = {Betzler, A.S. and de Sousa, O.F.},
	month = feb,
	year = {2020},
	pages = {101320},
}

@article{bertini_photometric_2012,
	title = {Photometric observations of comet {81P}/{Wild} 2 during the 2010 perihelion passage},
	volume = {541},
	issn = {0004-6361, 1432-0746},
	url = {http://www.aanda.org/10.1051/0004-6361/201118004},
	doi = {10.1051/0004-6361/201118004},
	language = {en},
	urldate = {2022-07-13},
	journal = {Astronomy \& Astrophysics},
	author = {Bertini, I. and Barbieri, C. and Ho, T.-M. and Lazzarin, M. and Cremonese, G. and Küppers, M. and Magrin, S. and Marchi, S.},
	month = may,
	year = {2012},
	keywords = {detailed},
	pages = {A159},
}

@article{shi_research_2019,
	title = {Research of activity of {Main} {Belt} {Comets} {176P}/{LINEAR}, {238P}/{Read} and {288P}/(300163) 2006 {VW139}},
	volume = {9},
	issn = {2045-2322},
	url = {http://www.nature.com/articles/s41598-019-41880-0},
	doi = {10.1038/s41598-019-41880-0},
	language = {en},
	number = {1},
	urldate = {2022-09-02},
	journal = {Scientific Reports},
	author = {Shi, Jianchun and Ma, Yuehua and Liang, He and Xu, Ruiqi},
	month = dec,
	year = {2019},
	pages = {5492},
}

@article{korsun_distant_2014,
	title = {Distant activity of {Comet} {C}/2002 {VQ94} ({LINEAR}): {Optical} spectrophotometric monitoring between 8.4 and 16.8 au from the {Sun}},
	volume = {232},
	issn = {00191035},
	shorttitle = {Distant activity of {Comet} {C}/2002 {VQ94} ({LINEAR})},
	url = {https://linkinghub.elsevier.com/retrieve/pii/S0019103514000281},
	doi = {10.1016/j.icarus.2014.01.006},
	language = {en},
	urldate = {2022-09-14},
	journal = {Icarus},
	author = {Korsun, Pavlo P. and Rousselot, Philippe and Kulyk, Irina V. and Afanasiev, Viktor L. and Ivanova, Oleksandra V.},
	month = apr,
	year = {2014},
	keywords = {detailed},
	pages = {88--96},
}

@article{rousselot_monitoring_2014,
	title = {Monitoring of the cometary activity of distant comet {C}/2006 {S3} ({LONEOS})},
	volume = {571},
	issn = {0004-6361, 1432-0746},
	url = {http://www.aanda.org/10.1051/0004-6361/201424223},
	doi = {10.1051/0004-6361/201424223},
	language = {en},
	urldate = {2022-09-14},
	journal = {Astronomy \& Astrophysics},
	author = {Rousselot, P. and Korsun, P. P. and Kulyk, I. V. and Afanasiev, V. L. and Ivanova, O. V. and Sergeev, A. V. and Velichko, S. F.},
	month = nov,
	year = {2014},
	pages = {A73},
}

@article{lara_behaviour_2003,
	title = {Behaviour of {Comet} {21P}/{Giacobini}-{Zinner} during the 1998 perihelion},
	volume = {404},
	url = {https://ui.adsabs.harvard.edu/abs/2003A&A...404..373L},
	doi = {10.1051/0004-6361:20030462},
	language = {en},
	journal = {Astronomy \& Astrophysics},
	author = {Lara, L. M. and Licandro, J. and Oscoz, A.},
	month = jun,
	year = {2003},
	pages = {373--378},
}

@article{shi_ccd_2015,
	title = {{CCD} photometry of active {Centaur} {166P}/2001 {T4} ({NEAT})},
	volume = {454},
	issn = {0035-8711, 1365-2966},
	url = {https://academic.oup.com/mnras/article-lookup/doi/10.1093/mnras/stv2274},
	doi = {10.1093/mnras/stv2274},
	language = {en},
	number = {4},
	urldate = {2022-10-12},
	journal = {Monthly Notices of the Royal Astronomical Society},
	author = {Shi, J. C. and Ma, Y. H.},
	month = dec,
	year = {2015},
	pages = {3635--3640},
}

@article{weaver_post-perihelion_1999,
	title = {Post-{Perihelion} {HST} {Observations} of {Comet} {Hale}–{Bopp} ({C}/1995 {O1})},
	volume = {141},
	issn = {00191035},
	url = {https://linkinghub.elsevier.com/retrieve/pii/S0019103599961596},
	doi = {10.1006/icar.1999.6159},
	language = {en},
	number = {1},
	urldate = {2022-10-19},
	journal = {Icarus},
	author = {Weaver, H.A. and Feldman, P.D. and A'Hearn, M.F. and Arpigny, C. and Brandt, J.C. and Stern, S.A.},
	month = sep,
	year = {1999},
	pages = {1--12},
}

@article{manzini_coma_2021,
	title = {Coma morphology and dust emission pattern of comet {C}/2020 {F3} ({NEOWISE})},
	volume = {506},
	issn = {0035-8711, 1365-2966},
	url = {http://arxiv.org/abs/2109.02039},
	doi = {10.1093/mnras/stab1849},
	language = {en},
	number = {4},
	urldate = {2022-10-17},
	journal = {Monthly Notices of the Royal Astronomical Society},
	author = {Manzini, F. and Oldani, V. and Ochner, P. and Barbotin, E. and Bedin, L. R. and Behrend, R. and Fardelli, G.},
	month = aug,
	year = {2021},
	note = {arXiv:2109.02039 [astro-ph]},
	pages = {6195--6202},
}

@article{sekanina_coma_1984,
	title = {Coma morphology and dust-emission pattern of periodic {Comet} {Halley}. {II} - {Nucleus} spin vector and modeling of major dust features in 1910},
	volume = {89},
	issn = {00046256},
	url = {http://adsabs.harvard.edu/cgi-bin/bib_query?1984AJ.....89.1408S},
	doi = {10.1086/113643},
	language = {en},
	urldate = {2022-10-17},
	journal = {The Astronomical Journal},
	author = {Sekanina, Z. and Larson, S. M.},
	month = sep,
	year = {1984},
	pages = {1408},
}

@article{hsieh_physical_2009,
	title = {{PHYSICAL} {PROPERTIES} {OF} {MAIN}-{BELT} {COMET} {P}/2005 {U1} ({READ})},
	volume = {137},
	issn = {0004-6256, 1538-3881},
	url = {https://iopscience.iop.org/article/10.1088/0004-6256/137/1/157},
	doi = {10.1088/0004-6256/137/1/157},
	language = {en},
	number = {1},
	urldate = {2022-10-12},
	journal = {The Astronomical Journal},
	author = {Hsieh, Henry H. and Jewitt, David and Ishiguro, Masateru},
	month = jan,
	year = {2009},
	pages = {157--168},
}

@article{ivanova_colour_2017,
	title = {Colour variations of {Comet} {C}/2013 {UQ4} ({Catalina})},
	volume = {469},
	issn = {0035-8711, 1365-2966},
	url = {https://academic.oup.com/mnras/article/469/3/2695/3778000},
	doi = {10.1093/mnras/stx1004},
	language = {en},
	number = {3},
	urldate = {2022-11-11},
	journal = {Monthly Notices of the Royal Astronomical Society},
	author = {Ivanova, Oleksandra and Zubko, Evgenij and Videen, Gorden and Mommert, Michael and Hora, Joseph L. and Krišandová, Zuzana Seman and Svoreň, Ján and Novichonok, Artyom and Borysenko, Serhii and Shubina, Olena},
	month = aug,
	year = {2017},
	keywords = {detailed},
	pages = {2695--2703},
}

@article{cremonese_photometry_2016,
	title = {Photometry of dust grains of comet {67P} and connection with nucleus regions},
	volume = {588},
	issn = {0004-6361, 1432-0746},
	url = {http://www.aanda.org/10.1051/0004-6361/201527307},
	doi = {10.1051/0004-6361/201527307},
	language = {en},
	urldate = {2022-11-15},
	journal = {Astronomy \& Astrophysics},
	author = {Cremonese, G. and Simioni, E. and Ragazzoni, R. and Bertini, I. and La Forgia, F. and Pajola, M. and Oklay, N. and Fornasier, S. and Lazzarin, M. and Lucchetti, A. and Sierks, H. and Barbieri, C. and Lamy, P. and Rodrigo, R. and Koschny, D. and Rickman, H. and Keller, H. U. and A’Hearn, M. F. and Agarwal, J. and Barucci, M. A. and Bertaux, J. -L. and Da Deppo, V. and Davidsson, B. and De Cecco, M. and Debei, S. and Fulle, M. and Groussin, O. and Güttler, C. and Gutierrez, P. J. and Hviid, S. F. and Ip, W.-H. and Jorda, L. and Knollenberg, J. and Kramm, J.-R. and Kueppers, M. and Kürt, E. and Lara, L. M. and Magrin, S. and Lopez Moreno, J. J. and Marzari, F. and Mottola, S. and Naletto, G. and Preusker, F. and Scholten, F. and Thomas, N. and Tubiana, C. and Vincent, J.-B.},
	month = apr,
	year = {2016},
	pages = {A59},
}

@article{meech_activity_2009,
	title = {Activity of comets at large heliocentric distances pre-perihelion},
	volume = {201},
	issn = {00191035},
	url = {https://linkinghub.elsevier.com/retrieve/pii/S0019103509000700},
	doi = {10.1016/j.icarus.2008.12.045},
	language = {en},
	number = {2},
	urldate = {2022-11-15},
	journal = {Icarus},
	author = {Meech, K.J. and Pittichová, J. and Bar-Nun, A. and Notesco, G. and Laufer, D. and Hainaut, O.R. and Lowry, S.C. and Yeomans, D.K. and Pitts, M.},
	month = jun,
	year = {2009},
	pages = {719--739},
}

@article{sarneczky_activity_2016,
	title = {{ACTIVITY} {OF} 50 {LONG}-{PERIOD} {COMETS} {BEYOND} 5.2 au},
	volume = {152},
	issn = {1538-3881},
	url = {https://iopscience.iop.org/article/10.3847/0004-6256/152/6/220},
	doi = {10.3847/0004-6256/152/6/220},
	language = {en},
	number = {6},
	urldate = {2022-11-15},
	journal = {The Astronomical Journal},
	author = {Sárneczky, K. and Szabó, Gy. M. and Csák, B. and Kelemen, J. and Marschalkó, G. and Pál, A. and Szakáts, R. and Szalai, T. and Szegedi-Elek, E. and Székely, P. and Vida, K. and Vinkó, J. and Kiss, L. L.},
	month = dec,
	year = {2016},
	pages = {220},
}

@article{ivanova_photometry_2014,
	title = {Photometry of {Comet} {C}/2011 {L4} ({PANSTARRS}) at 4.4–4.{2AU} heliocentric distances},
	volume = {227},
	issn = {00191035},
	url = {https://linkinghub.elsevier.com/retrieve/pii/S0019103513003758},
	doi = {10.1016/j.icarus.2013.08.026},
	language = {en},
	urldate = {2022-11-15},
	journal = {Icarus},
	author = {Ivanova, Oleksandra and Borysenko, Serhii and Golovin, Alex},
	month = jan,
	year = {2014},
	pages = {202--205},
}

@article{mazzotta_epifani_distant_2009,
	title = {The distant activity of the {Long} {Period} {Comets} {C}/2003 {O1} ({LINEAR}) and {C}/2004 {K1} ({Catalina})},
	volume = {502},
	issn = {0004-6361, 1432-0746},
	url = {http://www.aanda.org/10.1051/0004-6361/200811527},
	doi = {10.1051/0004-6361/200811527},
	language = {en},
	number = {1},
	urldate = {2022-11-15},
	journal = {Astronomy \& Astrophysics},
	author = {Mazzotta Epifani, E. and Palumbo, P. and Capria, M. T. and Cremonese, G. and Fulle, M. and Colangeli, L.},
	month = jul,
	year = {2009},
	pages = {355--365},
}

@article{solontoi_ensemble_2012,
	title = {Ensemble properties of comets in the {Sloan} {Digital} {Sky} {Survey}},
	volume = {218},
	issn = {00191035},
	url = {https://linkinghub.elsevier.com/retrieve/pii/S0019103511004015},
	doi = {10.1016/j.icarus.2011.10.008},
	language = {en},
	number = {1},
	urldate = {2022-11-15},
	journal = {Icarus},
	author = {Solontoi, Michael and Ivezić, Željko and Jurić, Mario and Becker, Andrew C. and Jones, Lynne and West, Andrew A. and Kent, Steve and Lupton, Robert H. and Claire, Mark and Knapp, Gillian R. and Quinn, Tom and Gunn, James E. and Schneider, Donald P.},
	month = mar,
	year = {2012},
	pages = {571--584},
}

@article{szabo_spectrophotometry_2002,
	title = {Spectrophotometry and structural analysis of 5 comets},
	volume = {384},
	issn = {0004-6361, 1432-0746},
	url = {http://www.aanda.org/10.1051/0004-6361:20020023},
	doi = {10.1051/0004-6361:20020023},
	language = {en},
	number = {2},
	urldate = {2022-11-15},
	journal = {Astronomy \& Astrophysics},
	author = {Szabó, Gy. M. and Kiss, L. L. and Sárneczky, K. and Sziládi, K.},
	month = mar,
	year = {2002},
	pages = {702--710},
}

@article{milani_photometry_2007,
	title = {Photometry of {Comet} {9P}/{Tempel} 1 during the 2004/2005 approach and the {Deep} {Impact} module impact},
	volume = {187},
	issn = {00191035},
	url = {https://linkinghub.elsevier.com/retrieve/pii/S0019103506003642},
	doi = {10.1016/j.icarus.2006.10.014},
	language = {en},
	number = {1},
	urldate = {2022-11-17},
	journal = {Icarus},
	author = {Milani, G.A. and Szabó, Gy.M. and Sostero, G. and Trabatti, R. and Ligustri, R. and Nicolini, M. and Facchini, M. and Tirelli, D. and Carosati, D. and Vinante, C. and Higgins, D.},
	month = mar,
	year = {2007},
	pages = {276--284},
}

@article{lara_gas_2004,
	title = {Gas and dust in {Comet} {C}/2000 {WM1} during its closest approach to {Earth}: {Optical} imaging and long-slit spectroscopy},
	volume = {422},
	issn = {0004-6361, 1432-0746},
	shorttitle = {Gas and dust in {Comet} {C}/2000 {WM1} during its closest approach to {Earth}},
	url = {http://www.aanda.org/10.1051/0004-6361:20040159},
	doi = {10.1051/0004-6361:20040159},
	language = {en},
	number = {2},
	urldate = {2022-11-28},
	journal = {Astronomy \& Astrophysics},
	author = {Lara, L.-M. and Tozzi, G. P. and Boehnhardt, H. and DiMartino, M. and Schulz, R.},
	month = aug,
	year = {2004},
	pages = {717--729},
}

@article{tozzi_imaging_2003,
	title = {Imaging and spectroscopy of comet {C}/2001 {Q4} ({NEAT}) at 8.6 {AUfrom} the {Sun}},
	volume = {398},
	issn = {0004-6361, 1432-0746},
	url = {http://www.aanda.org/10.1051/0004-6361:20021878},
	doi = {10.1051/0004-6361:20021878},
	language = {en},
	number = {3},
	urldate = {2022-11-28},
	journal = {Astronomy \& Astrophysics},
	author = {Tozzi, G. P. and Boehnhardt, H. and Lo Curto, G.},
	month = feb,
	year = {2003},
	pages = {L41--L44},
}

@article{gehrz_07-_1992,
	title = {0.7- to 23-$\mu$m {Photometric} {Observations} of {P}/{Halley} 1986 {Ill} and {Six} {Recent} {Bright} {Comets}},
	volume = {100},
	url = {https://ui.adsabs.harvard.edu/abs/1992Icar..100..162G},
	doi = {10.1016/0019-1035(92)90027-5},
	language = {en},
	number = {1},
	journal = {Icarus},
	author = {Gehrz, R D and Ney, E P},
	month = nov,
	year = {1992},
	pages = {162--186},
}

@article{finson_theory_1968,
	title = {A theory of dust comets. {I}. {Model} and equations},
	volume = {154},
	issn = {0004-637X, 1538-4357},
	url = {http://adsabs.harvard.edu/doi/10.1086/149762},
	doi = {10.1086/149762},
	language = {en},
	urldate = {2023-02-18},
	journal = {The Astrophysical Journal},
	author = {Finson, M. L. and Probstein, R. F.},
	month = oct,
	year = {1968},
	pages = {327--352},
}

@article{finson_theory_1968-1,
	title = {A {THEORY} {OF} {DUST} {COMETS}. {II}. {RESULTS} {FOR} {COMET} {AREND}-{ROLAND}},
	volume = {154},
	url = {https://ui.adsabs.harvard.edu/abs/1968ApJ...154..353F},
	doi = {10.1086/149762},
	language = {en},
	journal = {The Astrophysical Journal},
	author = {Finson, Michael L and Probstein, Ronald F},
	month = oct,
	year = {1968},
	pages = {353--380},
}

@article{lowry_ccd_1999,
	title = {{CCD} photometry of distant comets},
	volume = {349},
	url = {https://ui.adsabs.harvard.edu/abs/1999A&A...349..649L},
	language = {en},
	journal = {Astronomy \& Astrophysics},
	author = {Lowry, S C and Fitzsimmons, A and Cartwright, I M and Williams, I P},
	month = sep,
	year = {1999},
	pages = {649--659},
}

@article{schleicher_composition_2011,
	title = {{THE} {COMPOSITION} {OF} {THE} {INTERIOR} {OF} {COMET} {73P}/{SCHWASSMANN}-{WACHMANN} 3: {RESULTS} {FROM} {NARROWBAND} {PHOTOMETRY} {OF} {MULTIPLE} {COMPONENTS}},
	volume = {141},
	issn = {0004-6256, 1538-3881},
	shorttitle = {{THE} {COMPOSITION} {OF} {THE} {INTERIOR} {OF} {COMET} {73P}/{SCHWASSMANN}-{WACHMANN} 3},
	url = {https://iopscience.iop.org/article/10.1088/0004-6256/141/6/177},
	doi = {10.1088/0004-6256/141/6/177},
	language = {en},
	number = {6},
	urldate = {2023-02-21},
	journal = {The Astronomical Journal},
	author = {Schleicher, David G. and Bair, Allison N.},
	month = jun,
	year = {2011},
	pages = {177},
}

@article{marcus_forward-scattering_2007,
	title = {Forward-{Scattering} {Enhancement} of {Comet} {Brightness}. {I}. {Background} and {Model}},
	volume = {29},
	url = {https://ui.adsabs.harvard.edu/abs/2007ICQ....29...39M},
	journal = {International Comet Quarterly},
	author = {Marcus, Joseph N.},
	month = apr,
	year = {2007},
	pages = {39--66},
}

@article{jewittCOLORSYSTEMATICSCOMETS2015,
	title = {{COLOR} {SYSTEMATICS} {OF} {COMETS} {AND} {RELATED} {BODIES}},
	volume = {150},
	issn = {1538-3881},
	url = {https://iopscience.iop.org/article/10.1088/0004-6256/150/6/201},
	doi = {10.1088/0004-6256/150/6/201},
	language = {en},
	number = {6},
	urldate = {2023-02-22},
	journal = {The Astronomical Journal},
	author = {Jewitt, David},
	month = dec,
	year = {2015},
	pages = {201},
}

@article{jewitt_cometary_1986,
	title = {Cometary grain scattering versus wavelength, or '{What} color is comet dust'?},
	volume = {310},
	issn = {0004-637X, 1538-4357},
	url = {http://adsabs.harvard.edu/doi/10.1086/164745},
	doi = {10.1086/164745},
	language = {en},
	urldate = {2023-02-22},
	journal = {The Astrophysical Journal},
	author = {Jewitt, David and Meech, Karen J.},
	month = nov,
	year = {1986},
	pages = {937},
}

@article{ahearn_ensemble_1995,
	title = {The ensemble properties of comets: {Results} from narrowband photometry of 85 comets, 1976-1992.},
	volume = {118},
	url = {https://ui.adsabs.harvard.edu/abs/1995Icar..118..223A},
	doi = {10.1006/icar.1995.1190},
	journal = {Icarus},
	author = {A'Hearn, Michael F. and Millis, Robert C. and Schleicher, David O. and Osip, David J. and Birch, Peter V.},
	month = dec,
	year = {1995},
	pages = {223--270},
}

@article{voitko_color_2022,
	title = {Color variations of comet {29P}/{Schwassmann}–{Wachmann} 1 in 2018},
	volume = {388},
	issn = {00191035},
	url = {https://linkinghub.elsevier.com/retrieve/pii/S0019103522003293},
	doi = {10.1016/j.icarus.2022.115236},
	language = {en},
	urldate = {2023-03-13},
	journal = {Icarus},
	author = {Voitko, Anhelina and Zubko, Evgenij and Ivanova, Oleksandra and Luk’yanyk, Igor and Kochergin, Anton and Husárik, Marek and Videen, Gorden},
	month = dec,
	year = {2022},
	pages = {115236},
}

@article{filacchione_orbital_2020,
	title = {An orbital water-ice cycle on comet {67P} from colour changes},
	volume = {578},
	issn = {0028-0836, 1476-4687},
	url = {http://www.nature.com/articles/s41586-020-1960-2},
	doi = {10.1038/s41586-020-1960-2},
	language = {en},
	number = {7793},
	urldate = {2023-03-13},
	journal = {Nature},
	author = {Filacchione, Gianrico and Capaccioni, Fabrizio and Ciarniello, Mauro and Raponi, Andrea and Rinaldi, Giovanna and De Sanctis, Maria Cristina and Bockelèe-Morvan, Dominique and Erard, Stèphane and Arnold, Gabriele and Mennella, Vito and Formisano, Michelangelo and Longobardo, Andrea and Mottola, Stefano},
	month = feb,
	year = {2020},
	pages = {49--52},
}

@article{weiler_dust_2003,
	title = {The dust activity of comet {C}/1995 {O1} ({Hale}-{Bopp}) between 3 {AU} and 13 {AU} from the {Sun}},
	volume = {403},
	issn = {0004-6361, 1432-0746},
	url = {http://www.aanda.org/10.1051/0004-6361:20030289},
	doi = {10.1051/0004-6361:20030289},
	language = {en},
	number = {1},
	urldate = {2023-03-14},
	journal = {Astronomy \& Astrophysics},
	author = {Weiler, M. and Rauer, H. and Knollenberg, J. and Jorda, L. and Helbert, J.},
	month = may,
	year = {2003},
	pages = {313--322},
}

@article{li_constraining_2014,
	title = {{CONSTRAINING} {THE} {DUST} {COMA} {PROPERTIES} {OF} {COMET} {C}/{SIDING} {SPRING} (2013 {A1}) {AT} {LARGE} {HELIOCENTRIC} {DISTANCES}},
	volume = {797},
	issn = {2041-8213},
	url = {https://iopscience.iop.org/article/10.1088/2041-8205/797/1/L8},
	doi = {10.1088/2041-8205/797/1/L8},
	language = {en},
	number = {1},
	urldate = {2023-03-14},
	journal = {The Astrophysical Journal},
	author = {Li, Jian-Yang and Samarasinha, Nalin H. and Kelley, Michael S. P. and Farnham, Tony L. and A'Hearn, Michael F. and Mutchler, Max J. and Lisse, Carey M. and Delamere, W. Alan},
	month = nov,
	year = {2014},
	pages = {L8},
}

@article{russell_albedo_1916,
	title = {On the {Albedo} of the {Planets} and {Their} {Satellites}},
	volume = {43},
	url = {https://ui.adsabs.harvard.edu/abs/1916ApJ....43..173R},
	doi = {10.1086/142244},
	author = {Russell, Henry Norris},
	month = apr,
	year = {1916},
	pages = {173--196},
}

@article{shi_ccd_2014,
	title = {{CCD} photometry of distant active comets {228P}/{LINEAR}, {C}/2006 {S3} ({LONEOS}) and {29P}/{Schwassmann}–{Wachmann} 1},
	volume = {441},
	issn = {1365-2966, 0035-8711},
	url = {http://academic.oup.com/mnras/article/441/1/739/982847/CCD-photometry-of-distant-active-comets-228PLINEAR},
	doi = {10.1093/mnras/stu607},
	language = {en},
	number = {1},
	urldate = {2023-03-24},
	journal = {Monthly Notices of the Royal Astronomical Society},
	author = {Shi, J. C. and Ma, Y. H. and Zheng, J. Q.},
	month = jun,
	year = {2014},
	pages = {739--744},
}

@book{lamy_comet_2004,
	title = {The sizes, shapes, albedos, and colors of cometary nuclei},
	booktitle = {Comets II},
	url = {https://ui.adsabs.harvard.edu/abs/2004come.book..223L},
	author = {Lamy, P. L. and Toth, I. and Fernandez, Y. R. and Weaver, H. A.},
	pages = {223},
	year = {2004},
}

@article{jewitt_kuiper_2002,
	title = {From {Kuiper} {Belt} {Object} to {Cometary} {Nucleus}: {The} {Missing} {Ultrared} {Matter}},
	volume = {123},
	issn = {00046256, 15383881},
	shorttitle = {From {Kuiper} {Belt} {Object} to {Cometary} {Nucleus}},
	url = {https://iopscience.iop.org/article/10.1086/338692},
	doi = {10.1086/338692},
	language = {en},
	number = {2},
	urldate = {2023-04-03},
	journal = {The Astronomical Journal},
	author = {Jewitt, David C.},
	month = feb,
	year = {2002},
	note = {titleTranslation:},
	pages = {1039--1049},
}

@incollection{LEVISON2007575,
	address = {San Diego},
	edition = {Second Edition},
	title = {{CHAPTER} 31 - comet populations and cometary dynamics},
	isbn = {978-0-12-088589-3},
	url = {https://www.sciencedirect.com/science/article/pii/B9780120885893500359},
	booktitle = {Encyclopedia of the solar system (second edition)},
	publisher = {Academic Press},
	author = {Levison, Harold F. and Dones, Luke},
	editor = {McFadden, Lucy-Ann and Weissman, Paul R. and Johnson, Torrence V.},
	year = {2007},
	doi = {https://doi.org/10.1016/B978-012088589-3/50035-9},
	pages = {575--588},
}

@incollection{lamyCometIISizes2004,
	title = {The sizes, shapes, albedos, and colors of cometary nuclei},
	url = {https://ui.adsabs.harvard.edu/abs/2004come.book..223L},
	booktitle = {Comets {II}},
	author = {Lamy, P. L. and Toth, I. and Fernandez, Y. R. and Weaver, H. A.},
	editor = {Festou, Michel C. and Keller, H. Uwe and Weaver, Harold A.},
	year = {2004},
	pages = {223},
}

@article{weilerCometaryNuclearMagnitudes2011,
	title = {Cometary nuclear magnitudes from sky survey observations},
	volume = {212},
	issn = {00191035},
	url = {https://linkinghub.elsevier.com/retrieve/pii/S001910351000494X},
	doi = {10.1016/j.icarus.2010.12.026},
	language = {en},
	number = {1},
	urldate = {2023-04-09},
	journal = {Icarus},
	author = {Weiler, Michael and Rauer, Heike and Sterken, Christiaan},
	month = mar,
	year = {2011},
	pages = {351--366},
}

@article{scarmatoComet2011L42016,
	title = {Comet {C}/2011 {L4} ({PanStarrs}): {Small} nucleus, fast rotator and dust rich comet observed after perihelion},
	doi = {10.48550/arXiv.1608.01243},
	journal = {arXiv e-prints},
	author = {Scarmato, Toni},
	month = aug,
	year = {2016},
	keywords = {Astrophysics - Solar and Stellar Astrophysics, Astrophysics - Earth and Planetary Astrophysics},
	pages = {arXiv:1608.01243},
}

@article{manziniComet2011J22016,
	title = {Comet {C}/2011 {J2} ({LINEAR}) nucleus splitting: {Dynamical} and structural analysis},
	volume = {126},
	issn = {00320633},
	shorttitle = {Comet {C}/2011 {J2} ({LINEAR}) nucleus splitting},
	url = {https://linkinghub.elsevier.com/retrieve/pii/S0032063316300265},
	doi = {10.1016/j.pss.2016.04.004},
	language = {en},
	urldate = {2023-04-10},
	journal = {Planetary and Space Science},
	author = {Manzini, Federico and Oldani, Virginio and Hirabayashi, Masatoshi and Behrend, Raoul and Crippa, Roberto and Ochner, Paolo and Pina, José Pablo Navarro and Haver, Roberto and Baransky, Alexander and Bryssinck, Eric and Dan, Andras and De Queiroz, Josè and Frappa, Eric and Lavayssiere, Maylis},
	month = jul,
	year = {2016},
	pages = {8--23},
}

@misc{sekaninaMajorOutburstSplitting2017,
	title = {Major {Outburst} and {Splitting} of {Long}-{Period} {Comet} {C}/2015 {ER61} ({Pan}-{STARRS})},
	url = {http://arxiv.org/abs/1712.03197},
	urldate = {2023-04-10},
	publisher = {arXiv},
	author = {Sekanina, Zdenek},
	month = dec,
	year = {2017},
	keywords = {Astrophysics - Earth and Planetary Astrophysics},
}

@article{bettioNuclearParametersComets2020,
	title = {Nuclear parameters of comets {63P}/{Wild} 1 and {C}/2012 {K1} ({PANSTARRS})},
	volume = {32},
	url = {https://ui.adsabs.harvard.edu/abs/2020BASBr..32..176B},
	language = {en},
	journal = {Bulletin of the Astronomical Society of Brazil},
	author = {Bettio, T M and Betzler, A S and de Sousa, O F},
	month = apr,
	year = {2020},
	pages = {176--177},
}

@article{jewittDestructionLongperiodComets2022,
	title = {Destruction of {Long}-period {Comets}},
	volume = {164},
	issn = {0004-6256, 1538-3881},
	url = {https://iopscience.iop.org/article/10.3847/1538-3881/ac886d},
	doi = {10.3847/1538-3881/ac886d},
	language = {en},
	number = {4},
	urldate = {2023-04-10},
	journal = {The Astronomical Journal},
	author = {Jewitt, David},
	month = oct,
	year = {2022},
	pages = {158},
}

@article{huiCometaryNucleusextractionTechnique2018,
	title = {Is the {Cometary} {Nucleus}-extraction {Technique} {Reliable}?},
	volume = {130},
	issn = {0004-6280, 1538-3873},
	url = {https://iopscience.iop.org/article/10.1088/1538-3873/aad538},
	doi = {10.1088/1538-3873/aad538},
	language = {en},
	number = {992},
	urldate = {2023-04-11},
	journal = {Publications of the Astronomical Society of the Pacific},
	author = {Hui, Man-To and Li, Jian-Yang},
	month = oct,
	year = {2018},
	pages = {104501},
}

@incollection{jewittCometIICradle2004,
	title = {From cradle to grave: the rise and demise of the comets},
	url = {https://ui.adsabs.harvard.edu/abs/2004come.book..659J},
	booktitle = {Comets {II}},
	author = {Jewitt, D. C.},
	editor = {Festou, Michel C. and Keller, H. Uwe and Weaver, Harold A.},
	year = {2004},
	pages = {659},
}

@article{morenoMonteCarloModels2022,
	title = {Monte {Carlo} {Models} of {Comet} {Dust} {Tails} {Observed} from the {Ground}},
	volume = {8},
	issn = {2218-1997},
	url = {https://www.mdpi.com/2218-1997/8/7/366},
	doi = {10.3390/universe8070366},
	language = {en},
	number = {7},
	urldate = {2023-04-11},
	journal = {Universe},
	author = {Moreno, Fernando},
	month = jul,
	year = {2022},
	pages = {366},
}

@inproceedings{bauerCometarycoma2020,
	series = {{AAS}/{Division} for planetary sciences meeting abstracts},
	title = {Cometary coma extraction and nucleus size determination with {NEOWISE}},
	volume = {52},
	url = {https://ui.adsabs.harvard.edu/abs/2020DPS....5231604B},
	booktitle = {{AAS}/{Division} for planetary sciences meeting abstracts},
	author = {Bauer, J. and Gicquel, A. and Kramer, E. and Mainzer, A. and Masiero, J. and Fernandez, Y. and Schambeau, C. and Stevenson, R. and Lisse, C. and Meech, K. and {NEOWISE Team}},
	month = oct,
	year = {2020},
	pages = {316.04},
}

@article{morenoDUSTENVIRONMENTCOMET2014,
	title = {{ON} {THE} {DUST} {ENVIRONMENT} {OF} {COMET} {C}/2012 {S1} ({ISON}) {FROM} 12 {AU} {PRE}-{PERIHELION} {TO} {THE} {END} {OF} {ITS} {ACTIVITY} {AROUND} {PERIHELION}},
	volume = {791},
	issn = {1538-4357},
	url = {https://iopscience.iop.org/article/10.1088/0004-637X/791/2/118},
	doi = {10.1088/0004-637X/791/2/118},
	language = {en},
	number = {2},
	urldate = {2023-04-11},
	journal = {The Astrophysical Journal},
	author = {Moreno, F. and Pozuelos, F. and Aceituno, F. and Casanova, V. and Duffard, R. and López-Moreno, J. J. and Molina, A. and Ortiz, J. L. and Santos-Sanz, P. and Sota, A. and Diepvens, A. and Segundo, A. S. and Bell, C. and Labordena, C. and Bryssinck, E. and Cortés, E. and Reina, E. and García, F. and Gómez, F. and Limón, F. and Soldán, F. and Tifner, F. and Muler, G. and Almendros, I. and Aledo, J. and Bel, J. and Carrillo, J. and Castellano, J. and Curto, J. and Gaitan, J. and Salto, J. L. and Lopesino, J. and Lozano, J. and Hernández, J. F. and González, J. J. and Martín, J. L. and Aymamí, J. M. and Bosch, J. M. and Fernández, J. M. and Vidal, J. R. and Montoro, L. and Tremosa, L. and Campas, M. and Canales, O. and Dekelver, P. J. and Benavides, R. and Naves, R. and Castillo, R. and Climent, T. and Cupillari, T. and Yanamandra-Fisher, P.},
	month = aug,
	year = {2014},
	pages = {118},
}

@article{lamyDirect1995,
	title = {Direct detection of a cometary nucleus with the {Hubble} {Space} {Telescope}.},
	volume = {293},
	url = {https://ui.adsabs.harvard.edu/abs/1995A&A...293L..43L},
	author = {Lamy, P. L. and Toth, I.},
	month = jan,
	year = {1995},
	keywords = {COMETS: GENERAL, COMETS: INDIVIDUAL: P/FAYE, TELESCOPES: IMAGE PROCESSING},
	pages = {L43--L45},
}

@article{lisseNucleusCometHyakutake1999,
	title = {The {Nucleus} of {Comet} {Hyakutake} ({C}/1996 {B2})},
	volume = {140},
	issn = {00191035},
	url = {https://linkinghub.elsevier.com/retrieve/pii/S0019103599961316},
	doi = {10.1006/icar.1999.6131},
	language = {en},
	number = {1},
	urldate = {2023-04-12},
	journal = {Icarus},
	author = {Lisse, C.M. and Fernández, Y.R. and Kundu, A. and A'Hearn, M.F. and Dayal, A. and Deutsch, L.K. and Fazio, G.G. and Hora, J.L. and Hoffmann, W.F.},
	month = jul,
	year = {1999},
	pages = {189--204},
}

# end of Comet, since 2023/4/12 ----------------------------------------------------------------

# dust

@article{mazzotta_epifani_dust_2011,
	title = {The dust coma environment of the short period comets {32P}/{Comas} {Solá}, {56P}/{Slaughter}-{Burnham}, and {78P}/{Gehrels} 2 from ground-based observations},
	volume = {525},
	issn = {0004-6361, 1432-0746},
	url = {http://www.aanda.org/10.1051/0004-6361/201014989},
	doi = {10.1051/0004-6361/201014989},
	language = {en},
	urldate = {2022-10-19},
	journal = {Astronomy \& Astrophysics},
	author = {Mazzotta Epifani, E. and Palumbo, P.},
	month = jan,
	year = {2011},
	pages = {A62},
}

# end of dust



# others

@article{willmer_absolute_2018,
  title = {The {Absolute} {Magnitude} of the {Sun} in {Several} {Filters}},
  volume = {236},
  issn = {1538-4365},
  url = {https://iopscience.iop.org/article/10.3847/1538-4365/aabfdf},
  doi = {10.3847/1538-4365/aabfdf},
  language = {en},
  number = {2},
  urldate = {2022-04-19},
  journal = {The Astrophysical Journal Supplement Series},
  author = {Willmer, Christopher N. A.},
  month = jun,
  year = {2018},
  pages = {47},
}

@article{alexander_water_2018,
	title = {Water {Reservoirs} in {Small} {Planetary} {Bodies}: {Meteorites}, {Asteroids}, and {Comets}},
	volume = {214},
	issn = {0038-6308, 1572-9672},
	shorttitle = {Water {Reservoirs} in {Small} {Planetary} {Bodies}},
	url = {http://link.springer.com/10.1007/s11214-018-0474-9},
	doi = {10.1007/s11214-018-0474-9},
	language = {en},
	number = {1},
	urldate = {2022-07-01},
	journal = {Space Science Reviews},
	author = {Alexander, Conel M. O’D. and McKeegan, Kevin D. and Altwegg, Kathrin},
	month = feb,
	year = {2018},
	pages = {36},
}

@article{farnham_coma_2009,
	title = {Coma morphology of {Jupiter}-family comets},
	volume = {57},
	issn = {00320633},
	url = {https://linkinghub.elsevier.com/retrieve/pii/S0032063309000518},
	doi = {10.1016/j.pss.2009.02.008},
	language = {en},
	number = {10},
	urldate = {2022-07-12},
	journal = {Planetary and Space Science},
	author = {Farnham, Tony L.},
	month = aug,
	year = {2009},
	pages = {1192--1217},
}

@article{manzini_comet_2007,
	title = {Comet {Ikeya}-{Zhang} ({C}/2002 {C1}): {Determination} of the {Rotation} {Period} {From} {Observations} of {Morphological} {Structures}},
	volume = {100},
	issn = {0167-9295, 1573-0794},
	shorttitle = {Comet {Ikeya}-{Zhang} ({C}/2002 {C1})},
	url = {http://link.springer.com/10.1007/s11038-005-9062-6},
	doi = {10.1007/s11038-005-9062-6},
	language = {en},
	number = {1-2},
	urldate = {2022-07-12},
	journal = {Earth, Moon, and Planets},
	author = {Manzini, F. and Schwarz, G. and Cosmovici, C. B. and Guaita, C. and Comolli, L. and Brunati, A. and Crippa, R.},
	month = mar,
	year = {2007},
	pages = {1--16},
}

@article{szabo_photometric_2001,
	title = {Photometric observations of 9 {Near}-{Earth} {Objects}},
	volume = {375},
	issn = {0004-6361, 1432-0746},
	url = {http://www.aanda.org/10.1051/0004-6361:20010813},
	doi = {10.1051/0004-6361:20010813},
	language = {en},
	number = {1},
	urldate = {2022-07-12},
	journal = {Astronomy \& Astrophysics},
	author = {Szabó, Gy. M. and Csák, B. and Sárneczky, K. and Kiss, L. L.},
	month = aug,
	year = {2001},
	pages = {285--292},
}

@article{korsun_cometary_2006,
	title = {Cometary activity of distant object {C}/2002 {VQ94} ({LINEAR})},
	volume = {459},
	issn = {0004-6361, 1432-0746},
	url = {http://www.aanda.org/10.1051/0004-6361:20065967},
	doi = {10.1051/0004-6361:20065967},
	language = {en},
	number = {3},
	urldate = {2022-07-12},
	journal = {Astronomy \& Astrophysics},
	author = {Korsun, P. P. and Ivanova, O. V. and Afanasiev, V. L.},
	month = dec,
	year = {2006},
	pages = {977--980},
}

@article{korsun_optical_2016,
	title = {Optical spectrophotometric monitoring of comet {C}/2006 {W3} ({Christensen}) before perihelion},
	volume = {596},
	issn = {0004-6361, 1432-0746},
	url = {http://www.aanda.org/10.1051/0004-6361/201629046},
	doi = {10.1051/0004-6361/201629046},
	language = {en},
	urldate = {2022-07-12},
	journal = {Astronomy \& Astrophysics},
	author = {Korsun, P. P. and Kulyk, I. and Ivanova, O. V. and Zakhozhay, O. V. and Afanasiev, V. L. and Sergeev, A. V. and Velichko, S. F.},
	month = dec,
	year = {2016},
	pages = {A48},
}

@article{kulyk_p2008_2016,
	title = {P/2008 {CL94} ({Lemmon}) and {P}/2011 {S1} ({Gibbs}): comet-like activity at large heliocentric distances},
	volume = {271},
	issn = {00191035},
	shorttitle = {P/2008 {CL94} ({Lemmon}) and {P}/2011 {S1} ({Gibbs})},
	url = {https://linkinghub.elsevier.com/retrieve/pii/S0019103516000865},
	doi = {10.1016/j.icarus.2016.01.037},
	language = {en},
	urldate = {2022-07-12},
	journal = {Icarus},
	author = {Kulyk, I. and Korsun, P. and Rousselot, P. and Afanasiev, V. and Ivanova, O.},
	month = jun,
	year = {2016},
	pages = {314--325},
}

@article{kulyk_physical_2018,
	title = {Physical activity of the selected nearly isotropic comets with perihelia at large heliocentric distance},
	volume = {611},
	issn = {0004-6361, 1432-0746},
	url = {https://www.aanda.org/10.1051/0004-6361/201731529},
	doi = {10.1051/0004-6361/201731529},
	language = {en},
	urldate = {2022-07-12},
	journal = {Astronomy \& Astrophysics},
	author = {Kulyk, I. and Rousselot, P. and Korsun, P. P. and Afanasiev, V. L. and Sergeev, A. V. and Velichko, S. F.},
	month = mar,
	year = {2018},
	pages = {A32},
}

@article{kulyk_optical_2021,
	title = {Optical observations of near isotropic comet {C}/2006 {OF2} ({Broughton}) at two different heliocentric distances},
	volume = {355},
	issn = {00191035},
	url = {https://linkinghub.elsevier.com/retrieve/pii/S0019103520304966},
	doi = {10.1016/j.icarus.2020.114156},
	language = {en},
	urldate = {2022-07-12},
	journal = {Icarus},
	author = {Kulyk, I. and Korsun, P. and Lukyanyk, I. and Ivanova, O. and Afanasiev, V. and Lara, L.},
	month = feb,
	year = {2021},
	pages = {114156},
}

@article{prialnik_crystallization_1992,
	title = {Crystallization, sublimation, and gas release in the interior of a porous comet nucleus},
	volume = {388},
	issn = {0004-637X, 1538-4357},
	url = {http://adsabs.harvard.edu/doi/10.1086/171143},
	doi = {10.1086/171143},
	language = {en},
	urldate = {2022-07-12},
	journal = {The Astrophysical Journal},
	author = {Prialnik, Dina},
	month = mar,
	year = {1992},
	pages = {196},
}

@incollection{capria_c1995_2002,
	address = {Dordrecht},
	title = {C/1995 {O1} {Hale}-{Bopp}: {Short} and {Long} {Distance} {Activity} {From} a {Theoretical} {Model}},
	isbn = {978-90-481-6156-0 978-94-017-1088-6},
	shorttitle = {C/1995 {O1} {Hale}-{Bopp}},
	url = {http://link.springer.com/10.1007/978-94-017-1088-6_23},
	language = {en},
	urldate = {2022-07-12},
	booktitle = {Cometary {Science} after {Hale}-{Bopp}},
	publisher = {Springer Netherlands},
	author = {Capria, Maria Teresa and Coradini, Angioletta and De Sanctis, Maria Cristina},
	editor = {Boehnhardt, H. and Combi, M. and Kidger, M. R. and Schulz, R.},
	year = {2002},
	doi = {10.1007/978-94-017-1088-6_23},
	pages = {217--225},
}

@article{ootsubo_akari_2012,
	title = {\textit{{AKARI}} {NEAR}-{INFRARED} {SPECTROSCOPIC} {SURVEY} {FOR} {CO} $_{\textrm{2}}$ {IN} 18 {COMETS}},
	volume = {752},
	issn = {0004-637X, 1538-4357},
	url = {https://iopscience.iop.org/article/10.1088/0004-637X/752/1/15},
	doi = {10.1088/0004-637X/752/1/15},
	language = {en},
	number = {1},
	urldate = {2022-07-12},
	journal = {The Astrophysical Journal},
	author = {Ootsubo, Takafumi and Kawakita, Hideyo and Hamada, Saki and Kobayashi, Hitomi and Yamaguchi, Mitsuru and Usui, Fumihiko and Nakagawa, Takao and Ueno, Munetaka and Ishiguro, Masateru and Sekiguchi, Tomohiko and Watanabe, Jun-ichi and Sakon, Itsuki and Shimonishi, Takashi and Onaka, Takashi},
	month = jun,
	year = {2012},
	pages = {15},
}


@article{samus_general_2017,
	title = {General catalogue of variable stars: {Version} {GCVS} 5.1},
	volume = {61},
	issn = {1063-7729, 1562-6881},
	shorttitle = {General catalogue of variable stars},
	url = {http://link.springer.com/10.1134/S1063772917010085},
	doi = {10.1134/S1063772917010085},
	language = {en},
	number = {1},
	urldate = {2022-04-19},
	journal = {Astronomy Reports},
	author = {Samus’, N. N. and Kazarovets, E. V. and Durlevich, O. V. and Kireeva, N. N. and Pastukhova, E. N.},
	month = jan,
	year = {2017},
	pages = {80--88},
}

@article{zacharias_fourth_2013,
	title = {{THE} {FOURTH} {US} {NAVAL} {OBSERVATORY} {CCD} {ASTROGRAPH} {CATALOG} ({UCAC4})},
	volume = {145},
	issn = {0004-6256, 1538-3881},
	url = {https://iopscience.iop.org/article/10.1088/0004-6256/145/2/44},
	doi = {10.1088/0004-6256/145/2/44},
	language = {en},
	number = {2},
	urldate = {2022-05-07},
	journal = {The Astronomical Journal},
	author = {Zacharias, N. and Finch, C. T. and Girard, T. M. and Henden, A. and Bartlett, J. L. and Monet, D. G. and Zacharias, M. I.},
	month = jan,
	year = {2013},
	pages = {44},
}

@article{zacharias_ucac5_2017,
	title = {{UCAC5}: {New} {Proper} {Motions} {Using} \textit{{Gaia}} {DR1}},
	volume = {153},
	issn = {1538-3881},
	shorttitle = {{UCAC5}},
	url = {https://iopscience.iop.org/article/10.3847/1538-3881/aa6196},
	doi = {10.3847/1538-3881/aa6196},
	language = {en},
	number = {4},
	urldate = {2022-06-15},
	journal = {The Astronomical Journal},
	author = {Zacharias, N. and Finch, C. and Frouard, J.},
	month = mar,
	year = {2017},
	pages = {166},
}


@article{ramirez_ubvric_2012,
	title = {The {UBV}({RI})c colors of the {Sun}},
	volume = {752},
	issn = {0004-637X, 1538-4357},
	url = {http://arxiv.org/abs/1204.0828},
	doi = {10.1088/0004-637X/752/1/5},
	abstract = {Photometric data in the UBV(RI)c system have been acquired for 80 solar analog stars for which we have previously derived highly precise atmospheric parameters Teff, log g, and [Fe/H] using high resolution, high signal-to-noise ratio spectra. UBV and (RI)c data for 46 and 76 of these stars, respectively, are published for the first time. Combining our data with those from the literature, colors in the UBV(RI)c system, with {\textasciitilde}0.01 mag precision, are now available for 112 solar analogs. Multiple linear regression is used to derive the solar colors from these photometric data and the spectroscopically derived Teff, log g, and [Fe/H] values. To minimize the impact of systematic errors in the model-dependent atmospheric parameters, we use only the data for the ten stars that most closely resemble our Sun, i.e., the solar twins, and derive the following solar colors: (B-V)=0.653+/-0.005, (U-B)=0.166+/-0.022, (V-R)=0.352+/-0.007, and (V-I)=0.702+/-0.010. These colors are consistent, within the 1 sigma errors, with those derived using the entire sample of 112 solar analogs. We also derive the solar colors using the relation between spectral line-depth ratios and observed stellar colors, i.e., with a completely model-independent approach, and without restricting the analysis to solar twins. We find: (B-V)=0.653+/-0.003, (U-B)=0.158+/-0.009, (V-R)=0.356+/-0.003, and (V-I)=0.701+/-0.003, in excellent agreement with the model-dependent analysis.},
	number = {1},
	urldate = {2023-01-17},
	journal = {The Astrophysical Journal},
	author = {Ramirez, I. and Michel, R. and Sefako, R. and Maia, M. Tucci and Schuster, W. J. and van Wyk, F. and Melendez, J. and Casagrande, L. and Castilho, B. V.},
	month = jun,
	year = {2012},
	note = {arXiv:1204.0828 [astro-ph]},
	keywords = {Astrophysics - Solar and Stellar Astrophysics},
	pages = {5},
	file = {arXiv Fulltext PDF:D\:\\Document\\Zotero\\storage\\B7TAADYP\\Ramirez et al. - 2012 - The UBV(RI)c colors of the Sun.pdf:application/pdf;arXiv.org Snapshot:D\:\\Document\\Zotero\\storage\\RJHUSGCW\\1204.html:text/html},
}

# end of others, since 2023/1/17 ----------------------------------------------------------------
