# Comet ----------------------------------------------------------------

@article{garcia_photometry_2021,
	title = {Photometry of four long-period comets},
	volume = {206},
	issn = {00320633},
	url = {https://linkinghub.elsevier.com/retrieve/pii/S0032063321001471},
	doi = {10.1016/j.pss.2021.105308},
	language = {en},
	urldate = {2022-04-13},
	fjournal = {Planetary and Space Science},
	journal = {P\&SS},
	author = {Garcia, R.S. and Gil-Hutton, R.},
	month = oct,
	year = {2021},
	pages = {105308},
}

@article{ivanova_observations_2021,
	title = {Observations of distant comet {C}/2011 {KP36} ({Spacewatch}): photometry, spectroscopy, and polarimetry},
	volume = {651},
	issn = {0004-6361, 1432-0746},
	shorttitle = {Observations of distant comet {C}/2011 {KP36} ({Spacewatch})},
	url = {https://www.aanda.org/10.1051/0004-6361/202039668},
	doi = {10.1051/0004-6361/202039668},
	language = {en},
	urldate = {2022-04-13},
	fjournal = {Astronomy \& Astrophysics},
	journal = {A\&A},
	author = {Ivanova, Oleksandra and Rosenbush, Vera and Luk'yanyk, Igor and Kolokolova, Ludmilla and Kleshchonok, Valery and Kiselev, Nikolai and Afanasiev, Viktor and Renée Kirk, Zachary},
	month = jul,
	year = {2021},
	pages = {A29},
}

@article{hui_hubble_2022,
	title = {Hubble {Space} {Telescope} {Detection} of the {Nucleus} of {Comet} {C}/2014 {UN} $_{\textrm{271}}$ ({Bernardinelli}–{Bernstein})},
	volume = {929},
	issn = {2041-8205, 2041-8213},
	url = {https://iopscience.iop.org/article/10.3847/2041-8213/ac626a},
	doi = {10.3847/2041-8213/ac626a},
	language = {en},
	number = {1},
	urldate = {2022-04-18},
	fjournal = {The Astrophysical Journal Letters},
	journal = {ApJL},
	author = {Hui, Man-To and Jewitt, David and Yu, Liang-Liang and Mutchler, Max J.},
	month = apr,
	year = {2022},
	pages = {L12},
}

@article{dybczynski_galactic_2022,
	title = {Galactic and stellar perturbations of long-period comet motion: {Practical} considerations},
	volume = {657},
	issn = {0004-6361, 1432-0746},
	shorttitle = {Galactic and stellar perturbations of long-period comet motion},
	url = {https://www.aanda.org/10.1051/0004-6361/202142227},
	doi = {10.1051/0004-6361/202142227},
	language = {en},
	urldate = {2022-04-18},
	fjournal = {Astronomy \& Astrophysics},
	journal = {A\&A},
	author = {Dybczyński, Piotr A. and Breiter, Sławomir},
	month = jan,
	year = {2022},
	pages = {A65},
}

@article{bouziani_cometary_2022,
	title = {Cometary {Activity} beyond the {Planets}},
	volume = {924},
	issn = {0004-637X, 1538-4357},
	url = {https://iopscience.iop.org/article/10.3847/1538-4357/ac323b},
	doi = {10.3847/1538-4357/ac323b},
	language = {en},
	number = {1},
	urldate = {2022-04-18},
	fjournal = {The Astrophysical Journal},
	journal = {ApJ},
	author = {Bouziani, Naceur and Jewitt, David},
	month = jan,
	year = {2022},
	pages = {37},
}

@article{ahearn_comet_1984,
	title = {Comet {Bowell} 1980b},
	volume = {89},
	issn = {0004-6256},
	url = {https://articles.adsabs.harvard.edu/pdf/1984AJ.....89..579A},
	doi = {10.1086/113552},
	number = {4},
	fjournal = {The Astronomical Journal},
	journal = {AJ},
	author = {A'Hearn, Michael F. and Schleicher, David G.},
	month = apr,
	year = {1984},
	pages = {579--591},
}

@article{wiegert_evolution_1999,
	title = {The {Evolution} of {Long}-{Period} {Comets}},
	volume = {137},
	issn = {00191035},
	url = {https://linkinghub.elsevier.com/retrieve/pii/S0019103598960407},
	doi = {10.1006/icar.1998.6040},
	language = {en},
	number = {1},
	urldate = {2022-04-18},
	fjournal = {Icarus},
	journal = {Icar},
	author = {Wiegert, Paul and Tremaine, Scott},
	month = jan,
	year = {1999},
	pages = {84--121},
}

@article{mazzotta_epifani_observational_2014,
	title = {Observational results for eight long-period comets observed far from the {Sun}},
	volume = {561},
	issn = {0004-6361, 1432-0746},
	url = {http://www.aanda.org/10.1051/0004-6361/201321290},
	doi = {10.1051/0004-6361/201321290},
	language = {en},
	urldate = {2022-04-18},
	fjournal = {Astronomy \& Astrophysics},
	journal = {A\&A},
	author = {Mazzotta Epifani, E. and Perna, D. and Di Fabrizio, L. and Dall’Ora, M. and Palumbo, P. and Snodgrass, C. and Licandro, J. and Della Corte, V. and Tozzi, G. P.},
	month = jan,
	year = {2014},
	keywords = {detailed},
	pages = {A6},
}

@article{garcia_observational_2020,
	title = {Observational results for five short-period and five long-period comets},
	volume = {180},
	issn = {00320633},
	url = {https://linkinghub.elsevier.com/retrieve/pii/S0032063319302892},
	doi = {10.1016/j.pss.2019.104779},
	language = {en},
	urldate = {2022-04-18},
	fjournal = {Planetary and Space Science},
	journal = {P\&SS},
	author = {Garcia, R.S. and Gil-Hutton, R. and García-Migani, E.},
	month = jan,
	year = {2020},
	pages = {104779},
}

@article{jewitt_distant_2019,
	title = {Distant {Comet} {C}/2017 {K2} and the {Cohesion} {Bottleneck}},
	volume = {157},
	issn = {1538-3881},
	url = {https://iopscience.iop.org/article/10.3847/1538-3881/aaf38c},
	doi = {10.3847/1538-3881/aaf38c},
	language = {en},
	number = {2},
	urldate = {2022-04-18},
	fjournal = {The Astronomical Journal},
	journal = {AJ},
	author = {Jewitt, David and Agarwal, Jessica and Hui, Man-To and Li, Jing and Mutchler, Max and Weaver, Harold},
	month = jan,
	year = {2019},
	pages = {65},
}

@article{betzler_bvr_2020,
	title = {{BVR} photometry of comets {63P}/{Wild} 1 and {C}/2012 {K1} ({PANSTARRS})},
	volume = {365},
	issn = {0004-640X, 1572-946X},
	url = {https://link.springer.com/10.1007/s10509-020-03814-5},
	doi = {10.1007/s10509-020-03814-5},
	language = {en},
	number = {6},
	urldate = {2022-04-18},
	fjournal = {Astrophysics and Space Science},
	journal = {Ap\&SS},
	author = {Betzler, A. S. and de Sousa, O. F. and Diepvens, A. and Bettio, T. M.},
	month = jun,
	year = {2020},
	keywords = {detailed},
	pages = {102},
}

@article{samarasinha_image_2014,
	title = {Image enhancement techniques for quantitative investigations of morphological features in cometary comae: {A} comparative study},
	volume = {239},
	issn = {00191035},
	shorttitle = {Image enhancement techniques for quantitative investigations of morphological features in cometary comae},
	url = {https://linkinghub.elsevier.com/retrieve/pii/S0019103514002814},
	doi = {10.1016/j.icarus.2014.05.028},
	language = {en},
	urldate = {2022-04-19},
	fjournal = {Icarus},
	journal = {Icar},
	author = {Samarasinha, Nalin H. and Larson, Stephen M.},
	month = sep,
	year = {2014},
	pages = {168--185},
}

@article{jewitt_surface_1987,
	title = {Surface brightness profiles of 10 comets},
	volume = {317},
	issn = {0004-637X, 1538-4357},
	url = {http://adsabs.harvard.edu/doi/10.1086/165347},
	doi = {10.1086/165347},
	language = {en},
	urldate = {2022-04-19},
	fjournal = {The Astrophysical Journal},
	journal = {ApJ},
	author = {Jewitt, D. C. and Meech, K. J.},
	month = jun,
	year = {1987},
	pages = {992},
}

@article{fink_calculation_2012,
	title = {The calculation of {Afρ} and mass loss rate for comets},
	volume = {221},
	issn = {00191035},
	url = {https://linkinghub.elsevier.com/retrieve/pii/S0019103512003612},
	doi = {10.1016/j.icarus.2012.09.001},
	language = {en},
	number = {2},
	urldate = {2022-04-20},
	fjournal = {Icarus},
	journal = {Icar},
	author = {Fink, Uwe and Rubin, Martin},
	month = nov,
	year = {2012},
	pages = {721--734},
}

@article{ivanova_photometry_2019,
	title = {Photometry, spectroscopy, and polarimetry of distant comet {C}/2014 {A4} ({SONEAR})},
	volume = {626},
	issn = {0004-6361, 1432-0746},
	url = {https://www.aanda.org/10.1051/0004-6361/201935077},
	doi = {10.1051/0004-6361/201935077},
	language = {en},
	urldate = {2022-04-23},
	fjournal = {Astronomy \& Astrophysics},
	journal = {A\&A},
	author = {Ivanova, Oleksandra and Luk'yanyk, Igor and Kolokolova, Ludmilla and Das, Himadri Sekhar and Hus{\'a}rik, Marek and Rosenbush, Vera and Afanasiev, Viktor and Svore{\v{n}}, J{\'a}n and Kiselev, Nikolai and Krushinsky, Vadim},
	month = jun,
	year = {2019},
	pages = {A26},
}

@article{kolokolova_polarization_2015,
	title = {Polarization of cosmic dust simulated with the rough spheroid model},
	volume = {116},
	issn = {00320633},
	url = {https://linkinghub.elsevier.com/retrieve/pii/S0032063315000665},
	doi = {10.1016/j.pss.2015.03.006},
	language = {en},
	urldate = {2022-04-24},
	fjournal = {Planetary and Space Science},
	journal = {P\&SS},
	author = {Kolokolova, Ludmilla and Das, Himadri Sekhar and Dubovik, Oleg and Lapyonok, Tatyana and Yang, Ping},
	month = oct,
	year = {2015},
	pages = {30--38},
}

@article{andrienko_photometric_2016,
	title = {A photometric and dynamic study of comet {C}/2013 {A1} ({Siding} {Spring}) from observations at a heliocentric distance of {\textasciitilde}4.1 {AU}},
	volume = {50},
	issn = {0038-0946, 1608-3423},
	url = {http://link.springer.com/10.1134/S0038094616020015},
	doi = {10.1134/S0038094616020015},
	language = {en},
	number = {2},
	urldate = {2022-05-06},
	fjournal = {Solar System Research},
	journal = {SoSyR},
	author = {Andrienko, Yu. S. and Golovin, A. V. and Ivanova, A. V. and Reshetnik, V. N. and Kolesnik, S. N. and Borisenko, S. A.},
	month = mar,
	year = {2016},
	pages = {102--112},
}

@article{gronkowski_source_2005,
	title = {The source of energy of the comet {29P}/{Schwassmann}-{Wachmann} 1 outburst activity: the test of the summary},
	volume = {360},
	issn = {00358711, 13652966},
	shorttitle = {The source of energy of the comet {29P}/{Schwassmann}-{Wachmann} 1 outburst activity},
	url = {https://academic.oup.com/mnras/article-lookup/doi/10.1111/j.1365-2966.2005.09121.x},
	doi = {10.1111/j.1365-2966.2005.09121.x},
	language = {en},
	number = {3},
	urldate = {2022-05-07},
	fjournal = {Monthly Notices of the Royal Astronomical Society},
	journal = {MNRAS},
	author = {Gronkowski, P.},
	month = jul,
	year = {2005},
	pages = {1153--1161},
}

@article{ivanova_observations_2011,
	title = {Observations of the long-lasting activity of the distant {Comets} {29P} {Schwassmann}-{Wachmann} 1, {C}/2003 {WT42} ({LINEAR}) and {C}/2002 {VQ94} ({LINEAR})},
	volume = {211},
	issn = {00191035},
	url = {https://linkinghub.elsevier.com/retrieve/pii/S0019103510004136},
	doi = {10.1016/j.icarus.2010.10.026},
	language = {en},
	number = {1},
	urldate = {2022-05-07},
	fjournal = {Icarus},
	journal = {Icar},
	author = {Ivanova, Oleksandra V. and Skorov, Yury V. and Korsun, Pavlo P. and Afanasiev, Viktor L. and Blum, J{\"u}rgen},
	month = jan,
	year = {2011},
	pages = {559--567},
}

@article{cordiner_sublime_2022,
	title = {A {SUBLIME} {3D} {Model} for {Cometary} {Coma} {Emission}: {The} {Hypervolatile}-rich {Comet} {C}/2016 {R2} ({PanSTARRS})},
	volume = {929},
	issn = {0004-637X, 1538-4357},
	shorttitle = {A {SUBLIME} {3D} {Model} for {Cometary} {Coma} {Emission}},
	url = {https://iopscience.iop.org/article/10.3847/1538-4357/ac5893},
	doi = {10.3847/1538-4357/ac5893},
	language = {en},
	number = {1},
	urldate = {2022-05-07},
	fjournal = {The Astrophysical Journal},
	journal = {ApJ},
	author = {Cordiner, M. A. and Coulson, I. M. and Garcia-Berrios, E. and Qi, C. and Lique, F. and Zo{\l}towski, M. and de Val-Borro, M. and Kuan, Y.-J. and Ip, W.-H. and Mairs, S. and Roth, N. X. and Charnley, S. B. and Milam, S. N. and Tseng, W.-L and Chuang, Y.-L},
	month = apr,
	year = {2022},
	pages = {38},
}

@book{thomas_introduction_2020,
	address = {Cham},
	series = {Astronomy and {Astrophysics} {Library}},
	title = {An {Introduction} to {Comets}: {Post}-{Rosetta} {Perspectives}},
	isbn = {978-3-030-50573-8 978-3-030-50574-5},
	shorttitle = {An {Introduction} to {Comets}},
	url = {http://link.springer.com/10.1007/978-3-030-50574-5},
	language = {en},
	urldate = {2022-06-04},
	publisher = {Springer International Publishing},
	author = {Thomas, Nicolas},
	year = {2020},
	doi = {10.1007/978-3-030-50574-5},
}

@article{shubina_photometry_2014,
	title = {Photometry of distant active comet {C}/2010 {S1} ({LINEAR})},
	volume = {4},
	issn = {22271481},
	url = {http://aasp.kiev.ua/index.php?text=v4-38-41-Shubina},
	doi = {10.17721/2227-1481.4.38-41},
	language = {en},
	number = {1-2},
	urldate = {2022-07-12},
	fjournal = {Advances in Astronomy and Space Physics},
	journal = {AASP},
	author = {Shubina, O. and Kulyk, I. and Korsun, P. and Romanjuk, Ya.},
	year = {2014},
	pages = {38--41},
}

@article{betzler_photometric_2018,
	title = {Photometric {Study} of {Comet} {C}/2014 {S2} ({PANSTARRS}) {After} the {Perihelion}},
	volume = {122},
	issn = {0167-9295, 1573-0794},
	url = {http://link.springer.com/10.1007/s11038-018-9521-5},
	doi = {10.1007/s11038-018-9521-5},
	language = {en},
	number = {1-2},
	urldate = {2022-07-13},
	fjournal = {Earth, Moon, and Planets},
	author = {Betzler, A. S. and de Sousa, O. F. and Betzler, L. B. S.},
	month = nov,
	year = {2018},
	keywords = {detailed},
	pages = {53--71},
}

@article{betzler_bvr_2020-1,
	title = {{BVR} broadband photometry of comets {1P}/{Halley} and {4P}/{Faye}},
	volume = {75},
	issn = {13841076},
	url = {https://linkinghub.elsevier.com/retrieve/pii/S1384107619301538},
	doi = {10.1016/j.newast.2019.101320},
	language = {en},
	urldate = {2022-07-13},
	fjournal = {New Astronomy},
	journal = {NewA},
	author = {Betzler, A.S. and de Sousa, O.F.},
	month = feb,
	year = {2020},
	pages = {101320},
}

@article{bertini_photometric_2012,
	title = {Photometric observations of comet {81P}/{Wild} 2 during the 2010 perihelion passage},
	volume = {541},
	issn = {0004-6361, 1432-0746},
	url = {http://www.aanda.org/10.1051/0004-6361/201118004},
	doi = {10.1051/0004-6361/201118004},
	language = {en},
	urldate = {2022-07-13},
	fjournal = {Astronomy \& Astrophysics},
	journal = {A\&A},
	author = {Bertini, I. and Barbieri, C. and Ho, T.-M. and Lazzarin, M. and Cremonese, G. and Küppers, M. and Magrin, S. and Marchi, S.},
	month = may,
	year = {2012},
	keywords = {detailed},
	pages = {A159},
}

@article{shi_research_2019,
	title = {Research of activity of {Main} {Belt} {Comets} {176P}/{LINEAR}, {238P}/{Read} and {288P}/(300163) 2006 {VW139}},
	volume = {9},
	issn = {2045-2322},
	url = {http://www.nature.com/articles/s41598-019-41880-0},
	doi = {10.1038/s41598-019-41880-0},
	language = {en},
	number = {1},
	urldate = {2022-09-02},
	fjournal = {Scientific Reports},
	journal = {NatSR},
	author = {Shi, Jianchun and Ma, Yuehua and Liang, He and Xu, Ruiqi},
	month = dec,
	year = {2019},
	pages = {5492},
}

@article{korsun_distant_2014,
	title = {Distant activity of {Comet} {C}/2002 {VQ94} ({LINEAR}): {Optical} spectrophotometric monitoring between 8.4 and 16.8 au from the {Sun}},
	volume = {232},
	issn = {00191035},
	shorttitle = {Distant activity of {Comet} {C}/2002 {VQ94} ({LINEAR})},
	url = {https://linkinghub.elsevier.com/retrieve/pii/S0019103514000281},
	doi = {10.1016/j.icarus.2014.01.006},
	language = {en},
	urldate = {2022-09-14},
	fjournal = {Icarus},
	journal = {Icar},
	author = {Korsun, Pavlo P. and Rousselot, Philippe and Kulyk, Irina V. and Afanasiev, Viktor L. and Ivanova, Oleksandra V.},
	month = apr,
	year = {2014},
	pages = {88--96},
}

@article{rousselot_monitoring_2014,
	title = {Monitoring of the cometary activity of distant comet {C}/2006 {S3} ({LONEOS})},
	volume = {571},
	issn = {0004-6361, 1432-0746},
	url = {http://www.aanda.org/10.1051/0004-6361/201424223},
	doi = {10.1051/0004-6361/201424223},
	language = {en},
	urldate = {2022-09-14},
	fjournal = {Astronomy \& Astrophysics},
	journal = {A\&A},
	author = {Rousselot, P. and Korsun, P. P. and Kulyk, I. V. and Afanasiev, V. L. and Ivanova, O. V. and Sergeev, A. V. and Velichko, S. F.},
	month = nov,
	year = {2014},
	pages = {A73},
}

@article{lara_behaviour_2003,
	title = {Behaviour of {Comet} {21P}/{Giacobini}-{Zinner} during the 1998 perihelion},
	volume = {404},
	url = {https://ui.adsabs.harvard.edu/abs/2003A&A...404..373L},
	doi = {10.1051/0004-6361:20030462},
	language = {en},
	fjournal = {Astronomy \& Astrophysics},
	journal = {A\&A},
	author = {Lara, L. M. and Licandro, J. and Oscoz, A.},
	month = jun,
	year = {2003},
	pages = {373--378},
}

@article{shi_ccd_2015,
	title = {{CCD} photometry of active {Centaur} {166P}/2001 {T4} ({NEAT})},
	volume = {454},
	issn = {0035-8711, 1365-2966},
	url = {https://academic.oup.com/mnras/article-lookup/doi/10.1093/mnras/stv2274},
	doi = {10.1093/mnras/stv2274},
	language = {en},
	number = {4},
	urldate = {2022-10-12},
	fjournal = {Monthly Notices of the Royal Astronomical Society},
	journal = {MNRAS},
	author = {Shi, J. C. and Ma, Y. H.},
	month = dec,
	year = {2015},
	pages = {3635--3640},
}

@article{weaver_post-perihelion_1999,
	title = {Post-{Perihelion} {HST} {Observations} of {Comet} {Hale}–{Bopp} ({C}/1995 {O1})},
	volume = {141},
	issn = {00191035},
	url = {https://linkinghub.elsevier.com/retrieve/pii/S0019103599961596},
	doi = {10.1006/icar.1999.6159},
	language = {en},
	number = {1},
	urldate = {2022-10-19},
	fjournal = {Icarus},
	journal = {Icar},
	author = {Weaver, H.A. and Feldman, P.D. and A'Hearn, M.F. and Arpigny, C. and Brandt, J.C. and Stern, S.A.},
	month = sep,
	year = {1999},
	pages = {1--12},
}

@article{manzini_coma_2021,
	title = {Coma morphology and dust emission pattern of comet {C}/2020 {F3} ({NEOWISE})},
	volume = {506},
	issn = {0035-8711, 1365-2966},
	url = {http://arxiv.org/abs/2109.02039},
	doi = {10.1093/mnras/stab1849},
	language = {en},
	number = {4},
	urldate = {2022-10-17},
	fjournal = {Monthly Notices of the Royal Astronomical Society},
	journal = {MNRAS},
	author = {Manzini, F. and Oldani, V. and Ochner, P. and Barbotin, E. and Bedin, L. R. and Behrend, R. and Fardelli, G.},
	month = aug,
	year = {2021},
	note = {arXiv:2109.02039 [astro-ph]},
	pages = {6195--6202},
}

@article{sekanina_coma_1984,
	title = {Coma morphology and dust-emission pattern of periodic {Comet} {Halley}. {II} - {Nucleus} spin vector and modeling of major dust features in 1910},
	volume = {89},
	issn = {00046256},
	url = {http://adsabs.harvard.edu/cgi-bin/bib_query?1984AJ.....89.1408S},
	doi = {10.1086/113643},
	language = {en},
	urldate = {2022-10-17},
	fjournal = {The Astronomical Journal},
	journal = {AJ},
	author = {Sekanina, Z. and Larson, S. M.},
	month = sep,
	year = {1984},
	pages = {1408},
}

@article{hsieh_physical_2009,
	title = {{PHYSICAL} {PROPERTIES} {OF} {MAIN}-{BELT} {COMET} {P}/2005 {U1} ({READ})},
	volume = {137},
	issn = {0004-6256, 1538-3881},
	url = {https://iopscience.iop.org/article/10.1088/0004-6256/137/1/157},
	doi = {10.1088/0004-6256/137/1/157},
	language = {en},
	number = {1},
	urldate = {2022-10-12},
	fjournal = {The Astronomical Journal},
	journal = {AJ},
	author = {Hsieh, Henry H. and Jewitt, David and Ishiguro, Masateru},
	month = jan,
	year = {2009},
	pages = {157--168},
}

@article{ivanova_colour_2017,
	title = {Colour variations of {Comet} {C}/2013 {UQ4} ({Catalina})},
	volume = {469},
	issn = {0035-8711, 1365-2966},
	url = {https://academic.oup.com/mnras/article/469/3/2695/3778000},
	doi = {10.1093/mnras/stx1004},
	language = {en},
	number = {3},
	urldate = {2022-11-11},
	fjournal = {Monthly Notices of the Royal Astronomical Society},
	journal = {MNRAS},
	author = {Ivanova, Oleksandra and Zubko, Evgenij and Videen, Gorden and Mommert, Michael and Hora, Joseph L. and Krišandová, Zuzana Seman and Svoreň, Ján and Novichonok, Artyom and Borysenko, Serhii and Shubina, Olena},
	month = aug,
	year = {2017},
	keywords = {detailed},
	pages = {2695--2703},
}

@article{cremonese_photometry_2016,
	title = {Photometry of dust grains of comet {67P} and connection with nucleus regions},
	volume = {588},
	issn = {0004-6361, 1432-0746},
	url = {http://www.aanda.org/10.1051/0004-6361/201527307},
	doi = {10.1051/0004-6361/201527307},
	language = {en},
	urldate = {2022-11-15},
	fjournal = {Astronomy \& Astrophysics},
	journal = {A\&A},
	author = {Cremonese, G. and Simioni, E. and Ragazzoni, R. and Bertini, I. and La Forgia, F. and Pajola, M. and Oklay, N. and Fornasier, S. and Lazzarin, M. and Lucchetti, A. and Sierks, H. and Barbieri, C. and Lamy, P. and Rodrigo, R. and Koschny, D. and Rickman, H. and Keller, H. U. and A’Hearn, M. F. and Agarwal, J. and Barucci, M. A. and Bertaux, J. -L. and Da Deppo, V. and Davidsson, B. and De Cecco, M. and Debei, S. and Fulle, M. and Groussin, O. and Güttler, C. and Gutierrez, P. J. and Hviid, S. F. and Ip, W.-H. and Jorda, L. and Knollenberg, J. and Kramm, J.-R. and Kueppers, M. and Kürt, E. and Lara, L. M. and Magrin, S. and Lopez Moreno, J. J. and Marzari, F. and Mottola, S. and Naletto, G. and Preusker, F. and Scholten, F. and Thomas, N. and Tubiana, C. and Vincent, J.-B.},
	month = apr,
	year = {2016},
	pages = {A59},
}

@article{meech_activity_2009,
	title = {Activity of comets at large heliocentric distances pre-perihelion},
	volume = {201},
	issn = {00191035},
	url = {https://linkinghub.elsevier.com/retrieve/pii/S0019103509000700},
	doi = {10.1016/j.icarus.2008.12.045},
	language = {en},
	number = {2},
	urldate = {2022-11-15},
	fjournal = {Icarus},
	journal = {Icar},
	author = {Meech, K.J. and Pittichová, J. and Bar-Nun, A. and Notesco, G. and Laufer, D. and Hainaut, O.R. and Lowry, S.C. and Yeomans, D.K. and Pitts, M.},
	month = jun,
	year = {2009},
	pages = {719--739},
}

@article{sarneczky_activity_2016,
	title = {{ACTIVITY} {OF} 50 {LONG}-{PERIOD} {COMETS} {BEYOND} 5.2 au},
	volume = {152},
	issn = {1538-3881},
	url = {https://iopscience.iop.org/article/10.3847/0004-6256/152/6/220},
	doi = {10.3847/0004-6256/152/6/220},
	language = {en},
	number = {6},
	urldate = {2022-11-15},
	fjournal = {The Astronomical Journal},
	journal = {AJ},
	author = {Sárneczky, K. and Szabó, Gy. M. and Csák, B. and Kelemen, J. and Marschalkó, G. and Pál, A. and Szakáts, R. and Szalai, T. and Szegedi-Elek, E. and Székely, P. and Vida, K. and Vinkó, J. and Kiss, L. L.},
	month = dec,
	year = {2016},
	pages = {220},
}

@article{ivanova_photometry_2014,
	title = {Photometry of {Comet} {C}/2011 {L4} ({PANSTARRS}) at 4.4–4.{2AU} heliocentric distances},
	volume = {227},
	issn = {00191035},
	url = {https://linkinghub.elsevier.com/retrieve/pii/S0019103513003758},
	doi = {10.1016/j.icarus.2013.08.026},
	language = {en},
	urldate = {2022-11-15},
	fjournal = {Icarus},
	journal = {Icar},
	author = {Ivanova, Oleksandra and Borysenko, Serhii and Golovin, Alex},
	month = jan,
	year = {2014},
	pages = {202--205},
}

@article{mazzotta_epifani_distant_2009,
	title = {The distant activity of the {Long} {Period} {Comets} {C}/2003 {O1} ({LINEAR}) and {C}/2004 {K1} ({Catalina})},
	volume = {502},
	issn = {0004-6361, 1432-0746},
	url = {http://www.aanda.org/10.1051/0004-6361/200811527},
	doi = {10.1051/0004-6361/200811527},
	language = {en},
	number = {1},
	urldate = {2022-11-15},
	fjournal = {Astronomy \& Astrophysics},
	journal = {A\&A},
	author = {Mazzotta Epifani, E. and Palumbo, P. and Capria, M. T. and Cremonese, G. and Fulle, M. and Colangeli, L.},
	month = jul,
	year = {2009},
	pages = {355--365},
}

@article{solontoi_ensemble_2012,
	title = {Ensemble properties of comets in the {Sloan} {Digital} {Sky} {Survey}},
	volume = {218},
	issn = {00191035},
	url = {https://linkinghub.elsevier.com/retrieve/pii/S0019103511004015},
	doi = {10.1016/j.icarus.2011.10.008},
	language = {en},
	number = {1},
	urldate = {2022-11-15},
	fjournal = {Icarus},
	journal = {Icar},
	author = {Solontoi, Michael and Ivezić, Željko and Jurić, Mario and Becker, Andrew C. and Jones, Lynne and West, Andrew A. and Kent, Steve and Lupton, Robert H. and Claire, Mark and Knapp, Gillian R. and Quinn, Tom and Gunn, James E. and Schneider, Donald P.},
	month = mar,
	year = {2012},
	pages = {571--584},
}

@article{szabo_spectrophotometry_2002,
	title = {Spectrophotometry and structural analysis of 5 comets},
	volume = {384},
	issn = {0004-6361, 1432-0746},
	url = {http://www.aanda.org/10.1051/0004-6361:20020023},
	doi = {10.1051/0004-6361:20020023},
	language = {en},
	number = {2},
	urldate = {2022-11-15},
	fjournal = {Astronomy \& Astrophysics},
	journal = {A\&A},
	author = {Szabó, Gy. M. and Kiss, L. L. and Sárneczky, K. and Sziládi, K.},
	month = mar,
	year = {2002},
	pages = {702--710},
}

@article{milani_photometry_2007,
	title = {Photometry of {Comet} {9P}/{Tempel} 1 during the 2004/2005 approach and the {Deep} {Impact} module impact},
	volume = {187},
	issn = {00191035},
	url = {https://linkinghub.elsevier.com/retrieve/pii/S0019103506003642},
	doi = {10.1016/j.icarus.2006.10.014},
	language = {en},
	number = {1},
	urldate = {2022-11-17},
	fjournal = {Icarus},
	journal = {Icar},
	author = {Milani, G.A. and Szabó, Gy.M. and Sostero, G. and Trabatti, R. and Ligustri, R. and Nicolini, M. and Facchini, M. and Tirelli, D. and Carosati, D. and Vinante, C. and Higgins, D.},
	month = mar,
	year = {2007},
	pages = {276--284},
}

@article{lara_gas_2004,
	title = {Gas and dust in {Comet} {C}/2000 {WM1} during its closest approach to {Earth}: {Optical} imaging and long-slit spectroscopy},
	volume = {422},
	issn = {0004-6361, 1432-0746},
	shorttitle = {Gas and dust in {Comet} {C}/2000 {WM1} during its closest approach to {Earth}},
	url = {http://www.aanda.org/10.1051/0004-6361:20040159},
	doi = {10.1051/0004-6361:20040159},
	language = {en},
	number = {2},
	urldate = {2022-11-28},
	fjournal = {Astronomy \& Astrophysics},
	journal = {A\&A},
	author = {Lara, L.-M. and Tozzi, G. P. and Boehnhardt, H. and DiMartino, M. and Schulz, R.},
	month = aug,
	year = {2004},
	pages = {717--729},
}

@article{tozzi_imaging_2003,
	title = {Imaging and spectroscopy of comet {C}/2001 {Q4} ({NEAT}) at 8.6 {AUfrom} the {Sun}},
	volume = {398},
	issn = {0004-6361, 1432-0746},
	url = {http://www.aanda.org/10.1051/0004-6361:20021878},
	doi = {10.1051/0004-6361:20021878},
	language = {en},
	number = {3},
	urldate = {2022-11-28},
	fjournal = {Astronomy \& Astrophysics},
	journal = {A\&A},
	author = {Tozzi, G. P. and Boehnhardt, H. and Lo Curto, G.},
	month = feb,
	year = {2003},
	pages = {L41--L44},
}

@article{gehrz_07-_1992,
	title = {0.7- to 23-$\mu$m {Photometric} {Observations} of {P}/{Halley} 1986 {Ill} and {Six} {Recent} {Bright} {Comets}},
	volume = {100},
	url = {https://ui.adsabs.harvard.edu/abs/1992Icar..100..162G},
	doi = {10.1016/0019-1035(92)90027-5},
	language = {en},
	number = {1},
	fjournal = {Icarus},
	journal = {Icar},
	author = {Gehrz, R D and Ney, E P},
	month = nov,
	year = {1992},
	pages = {162--186},
}

@article{finson_theory_1968,
	title = {A theory of dust comets. {I}. {Model} and equations},
	volume = {154},
	issn = {0004-637X, 1538-4357},
	url = {http://adsabs.harvard.edu/doi/10.1086/149762},
	doi = {10.1086/149762},
	language = {en},
	urldate = {2023-02-18},
	fjournal = {The Astrophysical Journal},
	journal = {ApJ},
	author = {Finson, M. L. and Probstein, R. F.},
	month = oct,
	year = {1968},
	pages = {327--352},
}

@article{finson_theory_1968-1,
	title = {A {THEORY} {OF} {DUST} {COMETS}. {II}. {RESULTS} {FOR} {COMET} {AREND}-{ROLAND}},
	volume = {154},
	url = {https://ui.adsabs.harvard.edu/abs/1968ApJ...154..353F},
	doi = {10.1086/149762},
	language = {en},
	fjournal = {The Astrophysical Journal},
	journal = {ApJ},
	author = {Finson, Michael L and Probstein, Ronald F},
	month = oct,
	year = {1968},
	pages = {353--380},
}

@article{lowry_ccd_1999,
	title = {{CCD} photometry of distant comets},
	volume = {349},
	url = {https://ui.adsabs.harvard.edu/abs/1999A&A...349..649L},
	language = {en},
	fjournal = {Astronomy \& Astrophysics},
	journal = {A\&A},
	author = {Lowry, S C and Fitzsimmons, A and Cartwright, I M and Williams, I P},
	month = sep,
	year = {1999},
	pages = {649--659},
}

@article{schleicher_composition_2011,
	title = {{THE} {COMPOSITION} {OF} {THE} {INTERIOR} {OF} {COMET} {73P}/{SCHWASSMANN}-{WACHMANN} 3: {RESULTS} {FROM} {NARROWBAND} {PHOTOMETRY} {OF} {MULTIPLE} {COMPONENTS}},
	volume = {141},
	issn = {0004-6256, 1538-3881},
	shorttitle = {{THE} {COMPOSITION} {OF} {THE} {INTERIOR} {OF} {COMET} {73P}/{SCHWASSMANN}-{WACHMANN} 3},
	url = {https://iopscience.iop.org/article/10.1088/0004-6256/141/6/177},
	doi = {10.1088/0004-6256/141/6/177},
	language = {en},
	number = {6},
	urldate = {2023-02-21},
	fjournal = {The Astronomical Journal},
	journal = {AJ},
	author = {Schleicher, David G. and Bair, Allison N.},
	month = jun,
	year = {2011},
	pages = {177},
}

@article{marcus_forward-scattering_2007,
	title = {Forward-{Scattering} {Enhancement} of {Comet} {Brightness}. {I}. {Background} and {Model}},
	volume = {29},
	url = {https://ui.adsabs.harvard.edu/abs/2007ICQ....29...39M},
	fjournal = {International Comet Quarterly},
	journal = {ICQ},
	author = {Marcus, Joseph N.},
	month = apr,
	year = {2007},
	pages = {39--66},
}

@article{jewittCOLORSYSTEMATICSCOMETS2015,
	title = {{COLOR} {SYSTEMATICS} {OF} {COMETS} {AND} {RELATED} {BODIES}},
	volume = {150},
	issn = {1538-3881},
	url = {https://iopscience.iop.org/article/10.1088/0004-6256/150/6/201},
	doi = {10.1088/0004-6256/150/6/201},
	language = {en},
	number = {6},
	urldate = {2023-02-22},
	fjournal = {The Astronomical Journal},
	journal = {AJ},
	author = {Jewitt, David},
	month = dec,
	year = {2015},
	pages = {201},
}

@article{jewitt_cometary_1986,
	title = {Cometary grain scattering versus wavelength, or '{What} color is comet dust'?},
	volume = {310},
	issn = {0004-637X, 1538-4357},
	url = {http://adsabs.harvard.edu/doi/10.1086/164745},
	doi = {10.1086/164745},
	language = {en},
	urldate = {2023-02-22},
	fjournal = {The Astrophysical Journal},
	journal = {ApJ},
	author = {Jewitt, David and Meech, Karen J.},
	month = nov,
	year = {1986},
	pages = {937},
}

@article{ahearn_ensemble_1995,
	title = {The ensemble properties of comets: {Results} from narrowband photometry of 85 comets, 1976-1992.},
	volume = {118},
	url = {https://ui.adsabs.harvard.edu/abs/1995Icar..118..223A},
	doi = {10.1006/icar.1995.1190},
	fjournal = {Icarus},
	journal = {Icar},
	author = {A'Hearn, Michael F. and Millis, Robert C. and Schleicher, David O. and Osip, David J. and Birch, Peter V.},
	month = dec,
	year = {1995},
	pages = {223--270},
}

@article{voitko_color_2022,
	title = {Color variations of comet {29P}/{Schwassmann}–{Wachmann} 1 in 2018},
	volume = {388},
	issn = {00191035},
	url = {https://linkinghub.elsevier.com/retrieve/pii/S0019103522003293},
	doi = {10.1016/j.icarus.2022.115236},
	language = {en},
	urldate = {2023-03-13},
	fjournal = {Icarus},
	journal = {Icar},
	author = {Voitko, Anhelina and Zubko, Evgenij and Ivanova, Oleksandra and Luk’yanyk, Igor and Kochergin, Anton and Husárik, Marek and Videen, Gorden},
	month = dec,
	year = {2022},
	pages = {115236},
}

@article{filacchione_orbital_2020,
	title = {An orbital water-ice cycle on comet {67P} from colour changes},
	volume = {578},
	issn = {0028-0836, 1476-4687},
	url = {http://www.nature.com/articles/s41586-020-1960-2},
	doi = {10.1038/s41586-020-1960-2},
	language = {en},
	number = {7793},
	urldate = {2023-03-13},
	fjournal = {Nature},
	journal = {Natur},
	author = {Filacchione, Gianrico and Capaccioni, Fabrizio and Ciarniello, Mauro and Raponi, Andrea and Rinaldi, Giovanna and De Sanctis, Maria Cristina and Bockelèe-Morvan, Dominique and Erard, Stèphane and Arnold, Gabriele and Mennella, Vito and Formisano, Michelangelo and Longobardo, Andrea and Mottola, Stefano},
	month = feb,
	year = {2020},
	pages = {49--52},
}

@article{weiler_dust_2003,
	title = {The dust activity of comet {C}/1995 {O1} ({Hale}-{Bopp}) between 3 {AU} and 13 {AU} from the {Sun}},
	volume = {403},
	issn = {0004-6361, 1432-0746},
	url = {http://www.aanda.org/10.1051/0004-6361:20030289},
	doi = {10.1051/0004-6361:20030289},
	language = {en},
	number = {1},
	urldate = {2023-03-14},
	fjournal = {Astronomy \& Astrophysics},
	journal = {A\&A},
	author = {Weiler, M. and Rauer, H. and Knollenberg, J. and Jorda, L. and Helbert, J.},
	month = may,
	year = {2003},
	pages = {313--322},
}

@article{li_constraining_2014,
	title = {{CONSTRAINING} {THE} {DUST} {COMA} {PROPERTIES} {OF} {COMET} {C}/{SIDING} {SPRING} (2013 {A1}) {AT} {LARGE} {HELIOCENTRIC} {DISTANCES}},
	volume = {797},
	issn = {2041-8213},
	url = {https://iopscience.iop.org/article/10.1088/2041-8205/797/1/L8},
	doi = {10.1088/2041-8205/797/1/L8},
	language = {en},
	number = {1},
	urldate = {2023-03-14},
	fjournal = {The Astrophysical Journal},
	journal = {ApJ},
	author = {Li, Jian-Yang and Samarasinha, Nalin H. and Kelley, Michael S. P. and Farnham, Tony L. and A'Hearn, Michael F. and Mutchler, Max J. and Lisse, Carey M. and Delamere, W. Alan},
	month = nov,
	year = {2014},
	pages = {L8},
}

@article{russell_albedo_1916,
	title = {On the {Albedo} of the {Planets} and {Their} {Satellites}},
	volume = {43},
	url = {https://ui.adsabs.harvard.edu/abs/1916ApJ....43..173R},
	doi = {10.1086/142244},
	author = {Russell, Henry Norris},
	month = apr,
	year = {1916},
	pages = {173--196},
}

@article{shi_ccd_2014,
	title = {{CCD} photometry of distant active comets {228P}/{LINEAR}, {C}/2006 {S3} ({LONEOS}) and {29P}/{Schwassmann}–{Wachmann} 1},
	volume = {441},
	issn = {1365-2966, 0035-8711},
	url = {http://academic.oup.com/mnras/article/441/1/739/982847/CCD-photometry-of-distant-active-comets-228PLINEAR},
	doi = {10.1093/mnras/stu607},
	language = {en},
	number = {1},
	urldate = {2023-03-24},
	fjournal = {Monthly Notices of the Royal Astronomical Society},
	journal = {MNRAS},
	author = {Shi, J. C. and Ma, Y. H. and Zheng, J. Q.},
	month = jun,
	year = {2014},
	pages = {739--744},
}

@book{lamy_comet_2004,
	title = {The sizes, shapes, albedos, and colors of cometary nuclei},
	booktitle = {Comets II},
	url = {https://ui.adsabs.harvard.edu/abs/2004come.book..223L},
	author = {Lamy, P. L. and Toth, I. and Fernandez, Y. R. and Weaver, H. A.},
	pages = {223},
	year = {2004},
}

@article{jewitt_kuiper_2002,
	title = {From {Kuiper} {Belt} {Object} to {Cometary} {Nucleus}: {The} {Missing} {Ultrared} {Matter}},
	volume = {123},
	issn = {00046256, 15383881},
	shorttitle = {From {Kuiper} {Belt} {Object} to {Cometary} {Nucleus}},
	url = {https://iopscience.iop.org/article/10.1086/338692},
	doi = {10.1086/338692},
	language = {en},
	number = {2},
	urldate = {2023-04-03},
	fjournal = {The Astronomical Journal},
	journal = {AJ},
	author = {Jewitt, David C.},
	month = feb,
	year = {2002},
	note = {titleTranslation:},
	pages = {1039--1049},
}

@incollection{LEVISON2007575,
	address = {San Diego},
	edition = {Second Edition},
	title = {{CHAPTER} 31 - comet populations and cometary dynamics},
	isbn = {978-0-12-088589-3},
	url = {https://www.sciencedirect.com/science/article/pii/B9780120885893500359},
	booktitle = {Encyclopedia of the solar system (second edition)},
	publisher = {Academic Press},
	author = {Levison, Harold F. and Dones, Luke},
	editor = {McFadden, Lucy-Ann and Weissman, Paul R. and Johnson, Torrence V.},
	year = {2007},
	doi = {https://doi.org/10.1016/B978-012088589-3/50035-9},
	pages = {575--588},
}

@incollection{lamyCometIISizes2004,
	title = {The sizes, shapes, albedos, and colors of cometary nuclei},
	url = {https://ui.adsabs.harvard.edu/abs/2004come.book..223L},
	booktitle = {Comets {II}},
	author = {Lamy, P. L. and Toth, I. and Fernandez, Y. R. and Weaver, H. A.},
	editor = {Festou, Michel C. and Keller, H. Uwe and Weaver, Harold A.},
	year = {2004},
	pages = {223},
}

@article{weilerCometaryNuclearMagnitudes2011,
	title = {Cometary nuclear magnitudes from sky survey observations},
	volume = {212},
	issn = {00191035},
	url = {https://linkinghub.elsevier.com/retrieve/pii/S001910351000494X},
	doi = {10.1016/j.icarus.2010.12.026},
	language = {en},
	number = {1},
	urldate = {2023-04-09},
	fjournal = {Icarus},
	journal = {Icar},
	author = {Weiler, Michael and Rauer, Heike and Sterken, Christiaan},
	month = mar,
	year = {2011},
	pages = {351--366},
}

@article{scarmatoComet2011L42016,
	title = {Comet {C}/2011 {L4} ({PanStarrs}): {Small} nucleus, fast rotator and dust rich comet observed after perihelion},
	doi = {10.48550/arXiv.1608.01243},
	journal = {arXiv e-prints},
	author = {Scarmato, Toni},
	month = aug,
	year = {2016},
	keywords = {Astrophysics - Solar and Stellar Astrophysics, Astrophysics - Earth and Planetary Astrophysics},
	pages = {arXiv:1608.01243},
}

@article{manziniComet2011J22016,
	title = {Comet {C}/2011 {J2} ({LINEAR}) nucleus splitting: {Dynamical} and structural analysis},
	volume = {126},
	issn = {00320633},
	shorttitle = {Comet {C}/2011 {J2} ({LINEAR}) nucleus splitting},
	url = {https://linkinghub.elsevier.com/retrieve/pii/S0032063316300265},
	doi = {10.1016/j.pss.2016.04.004},
	language = {en},
	urldate = {2023-04-10},
	fjournal = {Planetary and Space Science},
	journal = {P\&SS},
	author = {Manzini, Federico and Oldani, Virginio and Hirabayashi, Masatoshi and Behrend, Raoul and Crippa, Roberto and Ochner, Paolo and Pina, José Pablo Navarro and Haver, Roberto and Baransky, Alexander and Bryssinck, Eric and Dan, Andras and De Queiroz, Josè and Frappa, Eric and Lavayssiere, Maylis},
	month = jul,
	year = {2016},
	pages = {8--23},
}

@misc{sekaninaMajorOutburstSplitting2017,
	title = {Major {Outburst} and {Splitting} of {Long}-{Period} {Comet} {C}/2015 {ER61} ({Pan}-{STARRS})},
	url = {http://arxiv.org/abs/1712.03197},
	urldate = {2023-04-10},
	publisher = {arXiv},
	author = {Sekanina, Zdenek},
	month = dec,
	year = {2017},
	keywords = {Astrophysics - Earth and Planetary Astrophysics},
}

@article{bettioNuclearParametersComets2020,
	title = {Nuclear parameters of comets {63P}/{Wild} 1 and {C}/2012 {K1} ({PANSTARRS})},
	volume = {32},
	url = {https://ui.adsabs.harvard.edu/abs/2020BASBr..32..176B},
	language = {en},
	journal = {Bulletin of the Astronomical Society of Brazil},
	author = {Bettio, T M and Betzler, A S and de Sousa, O F},
	month = apr,
	year = {2020},
	pages = {176--177},
}

@article{jewittDestructionLongperiodComets2022,
	title = {Destruction of {Long}-period {Comets}},
	volume = {164},
	issn = {0004-6256, 1538-3881},
	url = {https://iopscience.iop.org/article/10.3847/1538-3881/ac886d},
	doi = {10.3847/1538-3881/ac886d},
	language = {en},
	number = {4},
	urldate = {2023-04-10},
	fjournal = {The Astronomical Journal},
	journal = {AJ},
	author = {Jewitt, David},
	month = oct,
	year = {2022},
	pages = {158},
}

@article{huiCometaryNucleusextractionTechnique2018,
	title = {Is the {Cometary} {Nucleus}-extraction {Technique} {Reliable}?},
	volume = {130},
	issn = {0004-6280, 1538-3873},
	url = {https://iopscience.iop.org/article/10.1088/1538-3873/aad538},
	doi = {10.1088/1538-3873/aad538},
	language = {en},
	number = {992},
	urldate = {2023-04-11},
	journal = {Publications of the Astronomical Society of the Pacific},
	author = {Hui, Man-To and Li, Jian-Yang},
	month = oct,
	year = {2018},
	pages = {104501},
}

@incollection{jewittCometIICradle2004,
	title = {From cradle to grave: the rise and demise of the comets},
	url = {https://ui.adsabs.harvard.edu/abs/2004come.book..659J},
	booktitle = {Comets {II}},
	author = {Jewitt, D. C.},
	editor = {Festou, Michel C. and Keller, H. Uwe and Weaver, Harold A.},
	year = {2004},
	pages = {659},
}

@article{morenoMonteCarloModels2022,
	title = {Monte {Carlo} {Models} of {Comet} {Dust} {Tails} {Observed} from the {Ground}},
	volume = {8},
	issn = {2218-1997},
	url = {https://www.mdpi.com/2218-1997/8/7/366},
	doi = {10.3390/universe8070366},
	language = {en},
	number = {7},
	urldate = {2023-04-11},
	journal = {Universe},
	author = {Moreno, Fernando},
	month = jul,
	year = {2022},
	pages = {366},
}

@inproceedings{bauerCometarycoma2020,
	series = {{AAS}/{Division} for planetary sciences meeting abstracts},
	title = {Cometary coma extraction and nucleus size determination with {NEOWISE}},
	volume = {52},
	url = {https://ui.adsabs.harvard.edu/abs/2020DPS....5231604B},
	booktitle = {{AAS}/{Division} for planetary sciences meeting abstracts},
	author = {Bauer, J. and Gicquel, A. and Kramer, E. and Mainzer, A. and Masiero, J. and Fernandez, Y. and Schambeau, C. and Stevenson, R. and Lisse, C. and Meech, K. and {NEOWISE Team}},
	month = oct,
	year = {2020},
	pages = {316.04},
}

@article{morenoDUSTENVIRONMENTCOMET2014,
	title = {{ON} {THE} {DUST} {ENVIRONMENT} {OF} {COMET} {C}/2012 {S1} ({ISON}) {FROM} 12 {AU} {PRE}-{PERIHELION} {TO} {THE} {END} {OF} {ITS} {ACTIVITY} {AROUND} {PERIHELION}},
	volume = {791},
	issn = {1538-4357},
	url = {https://iopscience.iop.org/article/10.1088/0004-637X/791/2/118},
	doi = {10.1088/0004-637X/791/2/118},
	language = {en},
	number = {2},
	urldate = {2023-04-11},
	fjournal = {The Astrophysical Journal},
	journal = {ApJ},
	author = {Moreno, F. and Pozuelos, F. and Aceituno, F. and Casanova, V. and Duffard, R. and López-Moreno, J. J. and Molina, A. and Ortiz, J. L. and Santos-Sanz, P. and Sota, A. and Diepvens, A. and Segundo, A. S. and Bell, C. and Labordena, C. and Bryssinck, E. and Cortés, E. and Reina, E. and García, F. and Gómez, F. and Limón, F. and Soldán, F. and Tifner, F. and Muler, G. and Almendros, I. and Aledo, J. and Bel, J. and Carrillo, J. and Castellano, J. and Curto, J. and Gaitan, J. and Salto, J. L. and Lopesino, J. and Lozano, J. and Hernández, J. F. and González, J. J. and Martín, J. L. and Aymamí, J. M. and Bosch, J. M. and Fernández, J. M. and Vidal, J. R. and Montoro, L. and Tremosa, L. and Campas, M. and Canales, O. and Dekelver, P. J. and Benavides, R. and Naves, R. and Castillo, R. and Climent, T. and Cupillari, T. and Yanamandra-Fisher, P.},
	month = aug,
	year = {2014},
	pages = {118},
}

@article{lamyDirect1995,
	title = {Direct detection of a cometary nucleus with the {Hubble} {Space} {Telescope}.},
	volume = {293},
	url = {https://ui.adsabs.harvard.edu/abs/1995A&A...293L..43L},
	author = {Lamy, P. L. and Toth, I.},
	month = jan,
	year = {1995},
	keywords = {COMETS: GENERAL, COMETS: INDIVIDUAL: P/FAYE, TELESCOPES: IMAGE PROCESSING},
	pages = {L43--L45},
}

@article{lisseNucleusCometHyakutake1999,
	title = {The {Nucleus} of {Comet} {Hyakutake} ({C}/1996 {B2})},
	volume = {140},
	issn = {00191035},
	url = {https://linkinghub.elsevier.com/retrieve/pii/S0019103599961316},
	doi = {10.1006/icar.1999.6131},
	language = {en},
	number = {1},
	urldate = {2023-04-12},
	journal = {Icarus},
	author = {Lisse, C.M. and Fernández, Y.R. and Kundu, A. and A'Hearn, M.F. and Dayal, A. and Deutsch, L.K. and Fazio, G.G. and Hora, J.L. and Hoffmann, W.F.},
	month = jul,
	year = {1999},
	pages = {189--204},
}


@book{krishna_swamy_physics_2010,
	address = {New Jersey},
	edition = {3rd ed},
	series = {World {Scientific} series in astronomy and astrophysics},
	title = {Physics of comets},
	isbn = {978-981-4291-11-8},
	language = {en},
	number = {v. 2},
	publisher = {World Scientific},
	author = {Krishna Swamy, K. S.},
	year = {2010},
}

@article{jewitt_discus_2019,
	title = {The {Discus} {Comet}: {C}/2014 {B1} ({Schwartz})},
	volume = {157},
	issn = {1538-3881},
	shorttitle = {The {Discus} {Comet}},
	url = {https://iopscience.iop.org/article/10.3847/1538-3881/aafe05},
	doi = {10.3847/1538-3881/aafe05},
	language = {en},
	number = {3},
	urldate = {2023-06-06},
	journal = {The Astronomical Journal},
	author = {Jewitt, David and Kim, Yoonyoung and Luu, Jane and Graykowski, Ariel},
	month = feb,
	year = {2019},
	pages = {103},
}

@article{ivanova_quasi-simultaneous_2023,
	title = {Quasi-simultaneous photometric, polarimetric, and spectral observations of distant comet {C}/2014 {B1} ({Schwartz})},
	volume = {672},
	issn = {0004-6361, 1432-0746},
	url = {https://www.aanda.org/10.1051/0004-6361/202244686},
	doi = {10.1051/0004-6361/202244686},
	language = {en},
	urldate = {2023-06-02},
	fjournal = {Astronomy \& Astrophysics},
	journal = {A\&A},
	author = {Ivanova, Oleksandra and Rosenbush, Vera and Luk’yanyk, Igor and Markkanen, Johannes and Kleshchonok, Valery and Kolokolova, Ludmilla and Husárik, Marek and Kiselev, Nikolai and Andreev, Maxim and Afanasiev, Viktor},
	month = apr,
	year = {2023},
	pages = {A76},
}

@article{holtzman_photometric_1995,
	title = {The {Photometric} {Performance} and {Calibration} of {WFPC2}},
	volume = {107},
	issn = {0004-6280, 1538-3873},
	url = {http://iopscience.iop.org/article/10.1086/133664},
	doi = {10.1086/133664},
	language = {en},
	urldate = {2023-05-06},
	journal = {Publications of the Astronomical Society of the Pacific},
	author = {Holtzman, Jon A. and Burrows, Christopher J. and Casertano, Stefano and Hester, J. Jeff and Trauger, John T. and Watson, Alan M. and Worthey, Guy},
	month = nov,
	year = {1995},
	pages = {1065},
}

@article{lamy_nucleus_nodate,
	title = {The nucleus and inner coma of {Comet} {46P}/{Wirtanen}},
	language = {en},
	author = {Lamy, P L and Toth, I and Jorda, L and Weaver, H A and A’Hearn, M},
}

@article{lamy_rotational_2007,
	title = {Rotational state of the nucleus of {Comet} {9P}/{Tempel} 1: {Results} from {Hubble} {Space} {Telescope} observations in 2004},
	volume = {187},
	issn = {00191035},
	shorttitle = {Rotational state of the nucleus of {Comet} {9P}/{Tempel} 1},
	url = {https://linkinghub.elsevier.com/retrieve/pii/S0019103506003769},
	doi = {10.1016/j.icarus.2006.10.021},
	language = {en},
	number = {1},
	urldate = {2023-05-06},
	journal = {Icarus},
	author = {Lamy, Philippe L. and Toth, Imre and A'Hearn, Michael F. and Weaver, Harold A. and Jorda, Laurent},
	month = mar,
	year = {2007},
	pages = {132--143},
}

@article{hayashi_structure_1981,
	title = {Structure of the solar nebula, growth and decay of magnetic fields and effects of magnetic and turbulent viscosities on the nebula},
	volume = {70},
	url = {https://ui.adsabs.harvard.edu/abs/1981PThPS..70...35H},
	doi = {10.1143/PTPS.70.35},
	journal = {Progress of Theoretical Physics Supplement},
	author = {Hayashi, C.},
	month = jan,
	year = {1981},
	pages = {35--53},
}

@article{epifani_cometary_2011,
	title = {The cometary activity of {Centaur} {P}/2004 {A1} ({LONEOS})★: {The} active {Centaur} {P}/2004 {A1} ({LONEOS})},
	volume = {415},
	issn = {00358711},
	shorttitle = {The cometary activity of {Centaur} {P}/2004 {A1} ({LONEOS})★},
	url = {https://academic.oup.com/mnras/article-lookup/doi/10.1111/j.1365-2966.2011.18919.x},
	doi = {10.1111/j.1365-2966.2011.18919.x},
	language = {en},
	number = {4},
	urldate = {2023-04-17},
	journal = {Monthly Notices of the Royal Astronomical Society},
	author = {Epifani, E. Mazzotta and Dall’Ora, M. and Perna, D. and Palumbo, P. and Colangeli, L.},
	month = aug,
	year = {2011},
	pages = {3097--3106},
}

@inproceedings{levison_comet_1996,
	series = {Astronomical {Society} of the {Pacific} {Conference} {Series}},
	title = {Comet {Taxonomy}},
	volume = {107},
	booktitle = {Completing the {Inventory} of the {Solar} {System}},
	author = {Levison, H. F.},
	editor = {Rettig, Terrence and Hahn, Joseph M.},
	month = jan,
	year = {1996},
	pages = {173--191},
}

@article{jewitt_active_2012,
	title = {{THE} {ACTIVE} {ASTEROIDS}},
	volume = {143},
	issn = {0004-6256, 1538-3881},
	url = {https://iopscience.iop.org/article/10.1088/0004-6256/143/3/66},
	doi = {10.1088/0004-6256/143/3/66},
	language = {en},
	number = {3},
	urldate = {2023-07-25},
	journal = {The Astronomical Journal},
	author = {Jewitt, David},
	month = mar,
	year = {2012},
	pages = {66},
}

@article{kresak_similarity_1982,
	title = {On the {Similarity} of {Orbits} of {Associated} {Comets}, {Asteroids} and {Meteoroids}},
	volume = {33},
	journal = {Bulletin of the Astronomical Institutes of Czechoslovakia},
	author = {Kresak, L.},
	month = may,
	year = {1982},
	pages = {104},
}

@article{kosai_short-period_1992,
	title = {Short-{Period} {Comets} and {Apollo}-{Amor}-{Aten} {Type} {Asteroids} in {View} of {Tisserand} {Invariant}},
	volume = {54},
	doi = {10.1007/BF00049556},
	number = {1-3},
	journal = {Celestial Mechanics and Dynamical Astronomy},
	author = {Kosai, H.},
	month = mar,
	year = {1992},
	pages = {237--240},
}

@article{martin_cometcief_2015,
	title = {{CometCIEF}: {A} web-based image enhancement facility to digitally enhance images of cometary comae},
	volume = {118},
	issn = {00320633},
	shorttitle = {{CometCIEF}},
	url = {https://linkinghub.elsevier.com/retrieve/pii/S003206331500197X},
	doi = {10.1016/j.pss.2015.06.019},
	language = {en},
	urldate = {2023-08-21},
	journal = {Planetary and Space Science},
	author = {Martin, M. Patrick and Samarasinha, Nalin and Larson, Stephen},
	month = dec,
	year = {2015},
	pages = {181--186},
}

@article{evangelista-santana_borderline_2023,
	title = {Borderline hyperbolic comet {C}/2021 {O3} ({PANSTARRS}) was fading as it approached the {Sun}},
	volume = {524},
	issn = {0035-8711, 1365-2966},
	url = {http://arxiv.org/abs/2307.10029},
	doi = {10.1093/mnras/stad2111},
	language = {en},
	number = {2},
	urldate = {2023-09-07},
	journal = {Monthly Notices of the Royal Astronomical Society},
	author = {Evangelista-Santana, M. and De Prá, M. and Carvano, J. M. and Marcos, C. de la Fuente and Marcos, R. de la Fuente and Alarcon, M. R. and Licandro, J. and Lazzaro, D. and Michimani, J. and Pereira, W. and Rondón, E. and Monteiro, F. and Arcoverde, P. and Corrêa, T. and Rodrigues, T. and Paganini-Martins, C.},
	month = jul,
	year = {2023},
	note = {arXiv:2307.10029 [astro-ph]},
	pages = {2733--2740},
}

@article{cambianica_co2_2023,
	title = {{CO}$_{\textrm{2}}$ as the main parent source of atomic oxygen in comet {C}/2017 {K2} ({Pan}-{STARRS})},
	volume = {674},
	issn = {0004-6361, 1432-0746},
	url = {https://www.aanda.org/10.1051/0004-6361/202245550},
	doi = {10.1051/0004-6361/202245550},
	language = {en},
	urldate = {2023-10-08},
	journal = {Astronomy \& Astrophysics},
	author = {Cambianica, P. and Munaretto, G. and Cremonese, G. and Podio, L. and Codella, C. and Boschin, W.},
	month = jun,
	year = {2023},
	pages = {L14},
}

@incollection{prialnik_comets_2021,
	title = {Comets},
	isbn = {978-0-08-102909-1},
	url = {https://linkinghub.elsevier.com/retrieve/pii/B9780124095489121001},
	language = {en},
	urldate = {2023-10-08},
	booktitle = {Encyclopedia of {Geology}},
	publisher = {Elsevier},
	author = {Prialnik, Dina},
	year = {2021},
	doi = {10.1016/B978-0-12-409548-9.12100-1},
	pages = {160--173},
}

@article{fulle_comets_2022,
	title = {Comets beyond 4 au: {How} pristine are {Oort} nuclei?},
	issn = {0035-8711, 1365-2966},
	shorttitle = {Comets beyond 4 au},
	url = {https://academic.oup.com/mnras/advance-article/doi/10.1093/mnras/stac1218/6577144},
	doi = {10.1093/mnras/stac1218},
	language = {en},
	urldate = {2023-10-09},
	journal = {Monthly Notices of the Royal Astronomical Society},
	author = {Fulle, Marco and Lazzarin, M and Forgia, F La and Zakharov, V V and Bertini, I and Epifani, E Mazzotta and Ammannito, E and Buzzoni, A and Capria, M T and Carbognani, A and Da Deppo, V and Corte, V Della and Fiscale, S and Frattin, E and Inno, L and Migliorini, A and Pernechele, C and Rotundi, A and Sindoni, G and Tubiana, C and Milani, G and Aletti, A and Bacci, P and Baj, G and Bellini, F and Bryssinck, E and Di Grazia, M and Facchini, M and Feraco, M and Kugel, F and Maestripieri, M and Tirelli, D and Valvasori, A and Snodgrass, C and Jones, G H},
	month = may,
	year = {2022},
	pages = {stac1218},
}

@article{kelley_look_2022,
	title = {A {Look} at {Outbursts} of {Comet} {C}/2014 {UN} $_{\textrm{271}}$ ({Bernardinelli}–{Bernstein}) near 20 au},
	volume = {933},
	issn = {2041-8205, 2041-8213},
	url = {https://iopscience.iop.org/article/10.3847/2041-8213/ac7bec},
	doi = {10.3847/2041-8213/ac7bec},
	language = {en},
	number = {2},
	urldate = {2023-10-09},
	journal = {The Astrophysical Journal Letters},
	author = {Kelley, Michael S. P. and Kokotanekova, Rosita and Holt, Carrie E. and Protopapa, Silvia and Bodewits, Dennis and Knight, Matthew M. and Lister, Tim and Usher, Helen and Chatelain, Joseph and Gomez, Edward and Greenstreet, Sarah and Angel, Tony and Wooding, Ben},
	month = jul,
	year = {2022},
	pages = {L44},
}

@article{zhang_dust_2022,
	title = {Dust {Evolution} in the {Coma} of {Distant}, {Inbound} {Comet} {C}/2017 {K2} ({PANSTARRS})},
	volume = {3},
	issn = {2632-3338},
	url = {https://iopscience.iop.org/article/10.3847/PSJ/ac6d58},
	doi = {10.3847/PSJ/ac6d58},
	language = {en},
	number = {6},
	urldate = {2023-10-09},
	journal = {The Planetary Science Journal},
	author = {Zhang, Qicheng and Kolokolova, Ludmilla and Ye, Quanzhi and Vissapragada, Shreyas},
	month = jun,
	year = {2022},
	pages = {135},
}

@article{wesolowski_dust_2022,
	title = {Dust mass loss during the recent outburst of comet {C}/2014 {UN271} {Bernardinelli}–{Bernstein}},
	volume = {512},
	issn = {0035-8711, 1365-2966},
	url = {https://academic.oup.com/mnras/article/512/4/4683/6547776},
	doi = {10.1093/mnras/stac682},
	language = {en},
	number = {4},
	urldate = {2023-10-09},
	journal = {Monthly Notices of the Royal Astronomical Society},
	author = {Wesołowski, Marcin},
	month = apr,
	year = {2022},
	pages = {4683--4688},
}

@article{lellouch_size_2022,
	title = {Size and albedo of the largest detected {Oort}-cloud object: {Comet} {C}/2014 {UN} $_{\textrm{271}}$ ({Bernardinelli}-{Bernstein})},
	volume = {659},
	issn = {0004-6361, 1432-0746},
	shorttitle = {Size and albedo of the largest detected {Oort}-cloud object},
	url = {https://www.aanda.org/10.1051/0004-6361/202243090},
	doi = {10.1051/0004-6361/202243090},
	language = {en},
	urldate = {2023-10-09},
	journal = {Astronomy \& Astrophysics},
	author = {Lellouch, E. and Moreno, R. and Bockelée-Morvan, D. and Biver, N. and Santos-Sanz, P.},
	month = mar,
	year = {2022},
	pages = {L1},
}

@article{slemp_possible_2022,
	title = {Possible {Activity} in 468861 (2013 {LU28})},
	volume = {3},
	issn = {2632-3338},
	url = {https://iopscience.iop.org/article/10.3847/PSJ/ac480d},
	doi = {10.3847/PSJ/ac480d},
	language = {en},
	number = {2},
	urldate = {2023-10-09},
	journal = {The Planetary Science Journal},
	author = {Slemp, Lily A. and Meech, Karen J. and Bufanda, Erica and Kleyna, Jan T. and Hainaut, Olivier and Bauer, James and Weryk, Robert and Denneau, Larry and Keane, Jacqueline V. and Bhatt, Bhuwan C. and Sahu, Devendra K. and Urasaki, Chase M. and Wainscoat, Richard and Micheli, Marco},
	month = feb,
	year = {2022},
	pages = {34},
}

@article{taras_shevchenko_national_university_of_kyiv_surface_2022,
	title = {Surface structure and assessment of dust productivity of the cometary nucleus {C}/2017 {K2} ({PANSTARRS})},
	volume = {9},
	issn = {23129794, 24153788},
	url = {https://science.lpnu.ua/mmc/all-volumes-and-issues/volume-9-number-1-2022/surface-structure-and-assessment-dust-productivity},
	doi = {10.23939/mmc2022.01.159},
	language = {en},
	number = {1},
	urldate = {2023-10-09},
	journal = {Mathematical Modeling and Computing},
	author = {{Taras Shevchenko National University of Kyiv} and Kleshchonok, V. V. and Kashuba, V. I. and {Astronomical Observatory of I. I. Mechnikov Odesa National University} and Andrievsky, S. M. and {Astronomical Observatory of I. I. Mechnikov Odesa National University} and Gorbanev, Yu. M. and {Astronomical Observatory of I. I. Mechnikov Odesa National University}},
	year = {2022},
	pages = {159--165},
}

@article{farnham_early_2021,
	title = {Early {Activity} in {Comet} {C}/2014 {UN271} {Bernardinelli}–{Bernstein} as {Observed} by {TESS}},
	volume = {2},
	issn = {2632-3338},
	url = {https://iopscience.iop.org/article/10.3847/PSJ/ac323d},
	doi = {10.3847/PSJ/ac323d},
	language = {en},
	number = {6},
	urldate = {2023-10-09},
	journal = {The Planetary Science Journal},
	author = {Farnham, Tony L. and Kelley, Michael S. P. and Bauer, James M.},
	month = dec,
	year = {2021},
	pages = {236},
}

@article{bernardinelli_c2014_2021,
	title = {C/2014 {UN} $_{\textrm{271}}$ ({Bernardinelli}-{Bernstein}): {The} {Nearly} {Spherical} {Cow} of {Comets}},
	volume = {921},
	issn = {2041-8205, 2041-8213},
	shorttitle = {C/2014 {UN} $_{\textrm{271}}$ ({Bernardinelli}-{Bernstein})},
	url = {https://iopscience.iop.org/article/10.3847/2041-8213/ac32d3},
	doi = {10.3847/2041-8213/ac32d3},
	language = {en},
	number = {2},
	urldate = {2023-10-09},
	journal = {The Astrophysical Journal Letters},
	author = {Bernardinelli, Pedro H. and Bernstein, Gary M. and Montet, Benjamin T. and Weryk, Robert and Wainscoat, Richard and Aguena, M. and Allam, S. and Andrade-Oliveira, F. and Annis, J. and Avila, S. and Bertin, E. and Brooks, D. and Burke, D. L. and Carnero Rosell, A. and Kind, M. Carrasco and Carretero, J. and Cawthon, R. and Conselice, C. and Costanzi, M. and Da Costa, L. N. and Pereira, M. E. S. and De Vicente, J. and Diehl, H. T. and Everett, S. and Ferrero, I. and Flaugher, B. and Frieman, J. and García-Bellido, J. and Gaztanaga, E. and Gerdes, D. W. and Gruen, D. and Gruendl, R. A. and Gschwend, J. and Gutierrez, G. and Hinton, S. R. and Hollowood, D. L. and Honscheid, K. and James, D. J. and Kuehn, K. and Kuropatkin, N. and Lahav, O. and Maia, M. A. G. and Marshall, J. L. and Menanteau, F. and Miquel, R. and Morgan, R. and Ogando, R. L. C. and Paz-Chinchón, F. and Pieres, A. and Malagón, A. A. Plazas and Rodriguez-Monroy, M. and Romer, A. K. and Roodman, A. and Sanchez, E. and Schubnell, M. and Serrano, S. and Sevilla-Noarbe, I. and Smith, M. and Soares-Santos, M. and Suchyta, E. and Swanson, M. E. C. and Tarle, G. and To, C. and Troxel, M. A. and Varga, T. N. and Walker, A. R. and Zhang, Y.},
	month = nov,
	year = {2021},
	pages = {L37},
}

@article{zhang_preview_2021,
	title = {Preview of {Comet} {C}/2021 {A1} ({Leonard}) and {Its} {Encounter} with {Venus}},
	volume = {162},
	issn = {0004-6256, 1538-3881},
	url = {https://iopscience.iop.org/article/10.3847/1538-3881/ac19ba},
	doi = {10.3847/1538-3881/ac19ba},
	language = {en},
	number = {5},
	urldate = {2023-10-09},
	journal = {The Astronomical Journal},
	author = {Zhang, Qicheng and Ye, Quanzhi and Vissapragada, Shreyas and Knight, Matthew M. and Farnham, Tony L.},
	month = nov,
	year = {2021},
	pages = {194},
}

@article{kokotanekova_observations_nodate,
	title = {Observations of the newly discovered comet {C}/2014 {UN271} ({Bernardinelli}-{Bernstein}) active beyond 20 au},
	language = {en},
	author = {Kokotanekova, Rosita and Opitom, Cyrielle and Knight, Matthew and Kelley, Michael and Snodgrass, Colin and Holt, Carrie and Fitzsimmons, Alan and Lister, Tim and Bannister, Michele and Schwamb, Megan},
}

@article{holt_characterizing_nodate,
	title = {Characterizing newly discovered distant comets},
	language = {en},
	author = {Holt, Carrie E and Knight, Matthew M and Lister, Tim and Kelley, Michael S P and Ye, Quanzhi and Snodgrass, Colin and Opitom, Cyrielle and Kokotanekova, Rosita and Micheli, Marco and Schwamb, Megan},
}

@article{ivanova_photometry_2021,
	title = {Photometry and long-slit spectroscopy of the split comet {C}/2019 {Y4} ({ATLAS})},
	volume = {507},
	issn = {0035-8711, 1365-2966},
	url = {https://academic.oup.com/mnras/article/507/4/5376/6371361},
	doi = {10.1093/mnras/stab2306},
	language = {en},
	number = {4},
	urldate = {2023-10-09},
	journal = {Monthly Notices of the Royal Astronomical Society},
	author = {Ivanova, Oleksandra and Luk'yanyk, Igor and Tomko, Dušan and Moiseev, Alexei},
	month = sep,
	year = {2021},
	pages = {5376--5389},
}

@article{yang_discovery_2021,
	title = {Discovery of {Carbon} {Monoxide} in {Distant} {Comet} {C}/2017 {K2} ({PANSTARRS})},
	volume = {914},
	issn = {2041-8205, 2041-8213},
	url = {https://iopscience.iop.org/article/10.3847/2041-8213/ac03b7},
	doi = {10.3847/2041-8213/ac03b7},
	language = {en},
	number = {1},
	urldate = {2023-10-09},
	journal = {The Astrophysical Journal Letters},
	author = {Yang, Bin and Jewitt, David and Zhao, Yuhui and Jiang, Xuejian and Ye, Quanzhi and Chen, Ying-Tung},
	month = jun,
	year = {2021},
	pages = {L17},
}

@article{aravind_activity_2021,
	title = {Activity of the first interstellar comet {2I}/{Borisov} around perihelion: results from {Indian} observatories},
	volume = {502},
	issn = {0035-8711, 1365-2966},
	shorttitle = {Activity of the first interstellar comet {2I}/{Borisov} around perihelion},
	url = {https://academic.oup.com/mnras/article/502/3/3491/6101216},
	doi = {10.1093/mnras/stab084},
	language = {en},
	number = {3},
	urldate = {2023-10-09},
	journal = {Monthly Notices of the Royal Astronomical Society},
	author = {Aravind, K and Ganesh, Shashikiran and Venkataramani, Kumar and Sahu, Devendra and Angchuk, Dorje and Sivarani, Thirupathi and Unni, Athira},
	month = feb,
	year = {2021},
	pages = {3491--3499},
}

@article{jewitt_cometary_2021,
	title = {Cometary {Activity} {Begins} at {Kuiper} {Belt} {Distances}: {Evidence} from {C}/2017 {K2}},
	volume = {161},
	issn = {0004-6256, 1538-3881},
	shorttitle = {Cometary {Activity} {Begins} at {Kuiper} {Belt} {Distances}},
	url = {http://arxiv.org/abs/2102.06313},
	doi = {10.3847/1538-3881/abe4cf},
	language = {en},
	number = {4},
	urldate = {2023-10-09},
	journal = {The Astronomical Journal},
	author = {Jewitt, David and Kim, Yoonyoung and Mutchler, Max and Agarwal, Jessica and Li, Jing and Weaver, Harold},
	month = apr,
	year = {2021},
	note = {arXiv:2102.06313 [astro-ph]},
	pages = {188},
}

@article{woodward_coma_2021,
	title = {The {Coma} {Dust} of {Comet} {C}/2013 {US} $_{\textrm{10}}$ ({Catalina}): {A} {Window} into {Carbon} in the {Solar} {System}},
	volume = {2},
	issn = {2632-3338},
	shorttitle = {The {Coma} {Dust} of {Comet} {C}/2013 {US} $_{\textrm{10}}$ ({Catalina})},
	url = {https://iopscience.iop.org/article/10.3847/PSJ/abca3e},
	doi = {10.3847/PSJ/abca3e},
	language = {en},
	number = {1},
	urldate = {2023-10-09},
	journal = {The Planetary Science Journal},
	author = {Woodward, Charles E. and Wooden, Diane H. and Harker, David E. and Kelley, Michael S. P. and Russell, Ray W. and Kim, Daryl L.},
	month = feb,
	year = {2021},
	pages = {25},
}

@article{lin_long-term_2020,
	title = {Long-term activity of {Comet} {C}/2007 {N3} ({Lulin}) as monitored by the {SLT} at the {Lulin} {Observatory}},
	volume = {72},
	issn = {0004-6264, 2053-051X},
	url = {https://academic.oup.com/pasj/article/doi/10.1093/pasj/psaa003/5771040},
	doi = {10.1093/pasj/psaa003},
	language = {en},
	number = {2},
	urldate = {2023-10-09},
	journal = {Publications of the Astronomical Society of Japan},
	author = {Lin, Zhong-Yi},
	month = apr,
	year = {2020},
	pages = {L3},
}

@article{bettio_nuclear_nodate,
	title = {Nuclear parameters of comets {63P}/{Wild} 1 and {C}/2012 {K1} ({PANSTARRS})},
	language = {en},
	author = {Bettio, T M and Betzler, A S and de Sousa, O F},
}

@article{betzler_activity_2023,
	title = {The activity of 119 comets},
	volume = {526},
	issn = {0035-8711, 1365-2966},
	url = {https://academic.oup.com/mnras/article/526/1/246/7263277},
	doi = {10.1093/mnras/stad2696},
	language = {en},
	number = {1},
	urldate = {2023-10-09},
	fjournal = {Monthly Notices of the Royal Astronomical Society},
	journal = {MNRAS},
	author = {Betzler, Alberto S and Diepvens, Alfons and de Sousa, Orahcio F},
	month = sep,
	year = {2023},
	pages = {246--262},
}

@article{krolikowska_dynamical_2018,
	title = {Dynamical evolution of {C}/2017 {K2} {PANSTARRS}},
	volume = {615},
	issn = {0004-6361, 1432-0746},
	url = {https://www.aanda.org/10.1051/0004-6361/201832917},
	doi = {10.1051/0004-6361/201832917},
	language = {en},
	urldate = {2023-10-09},
	journal = {Astronomy \& Astrophysics},
	author = {Królikowska, Małgorzata and Dybczyński, Piotr A.},
	month = jul,
	year = {2018},
	pages = {A170},
}

@article{belton_origin_2018,
	title = {On the origin of internal layers in comet nuclei},
	volume = {314},
	issn = {00191035},
	url = {https://linkinghub.elsevier.com/retrieve/pii/S001910351830054X},
	doi = {10.1016/j.icarus.2018.05.031},
	language = {en},
	urldate = {2023-10-09},
	journal = {Icarus},
	author = {Belton, Michael J.S. and Zou, Xiao-Duan and Li, Jian-Yang and Asphaug, Erik},
	month = nov,
	year = {2018},
	pages = {364--375},
}

@article{hui_c2010_2019,
	title = {C/2010 {U3} ({Boattini}): {A} {Bizarre} {Comet} {Active} at {Record} {Heliocentric} {Distance}},
	volume = {157},
	issn = {1538-3881},
	shorttitle = {C/2010 {U3} ({Boattini})},
	url = {https://iopscience.iop.org/article/10.3847/1538-3881/ab0e09},
	doi = {10.3847/1538-3881/ab0e09},
	language = {en},
	number = {4},
	urldate = {2023-10-09},
	journal = {The Astronomical Journal},
	author = {Hui, Man-To and Farnocchia, Davide and Micheli, Marco},
	month = apr,
	year = {2019},
	pages = {162},
}

@article{vincent_local_2019,
	title = {Local manifestations of cometary activity},
	volume = {215},
	issn = {0038-6308, 1572-9672},
	url = {http://arxiv.org/abs/1904.05607},
	doi = {10.1007/s11214-019-0596-8},
	language = {en},
	number = {4},
	urldate = {2023-10-09},
	journal = {Space Science Reviews},
	author = {Vincent, Jean-Baptiste and Farnham, Tony and Kührt, Ekkehard and Skorov, Yuri and Marschall, Raphael and Oklay, Nilda and El-Maarry, Ramy and Keller, Horst Uwe},
	month = jun,
	year = {2019},
	note = {arXiv:1904.05607 [astro-ph]},
	pages = {30},
}

@article{crelinsten_special_nodate,
	title = {Special {Session} 001 — {HAD} {I}: {Centennial} of {Eddington}’s {Solar}-{Eclipse} {Tests} of {Einstein}’s {General} {Relativity}},
	language = {en},
	author = {Crelinsten, J and Kennefick, D},
}

@article{jewitt_disintegrating_2019,
	title = {Disintegrating {Inbound} {Long}-period {Comet} {C}/2019 {J2}},
	volume = {883},
	issn = {2041-8213},
	url = {https://iopscience.iop.org/article/10.3847/2041-8213/ab4135},
	doi = {10.3847/2041-8213/ab4135},
	language = {en},
	number = {2},
	urldate = {2023-10-09},
	journal = {The Astrophysical Journal},
	author = {Jewitt, David and Luu, Jane},
	month = sep,
	year = {2019},
	pages = {L28},
}

@article{combi_comet_2019,
	title = {Comet {C}/2017 {S3} ({PanSTARRS}): {Outbursts} and {Disintegration}},
	volume = {884},
	issn = {2041-8213},
	shorttitle = {Comet {C}/2017 {S3} ({PanSTARRS})},
	url = {https://iopscience.iop.org/article/10.3847/2041-8213/ab4887},
	doi = {10.3847/2041-8213/ab4887},
	language = {en},
	number = {2},
	urldate = {2023-10-09},
	journal = {The Astrophysical Journal},
	author = {Combi, M. R. and Mäkinen, T. and Bertaux, J.-L. and Quémerais, E. and Ferron, S. and Coronel, R.},
	month = oct,
	year = {2019},
	pages = {L39},
}

@incollection{meech_origin_2005,
	title = {Origin of {Earth}’s {Water}: {Sources} and {Constraints}},
	isbn = {978-0-8165-4006-8},
	shorttitle = {Origin of {Earth}’s {Water}},
	url = {https://uapress.arizona.edu/book/planetary-astrobiology},
	language = {en},
	urldate = {2023-10-09},
	booktitle = {Planetary {Astrobiology}},
	publisher = {University of Arizona Press},
	author = {Meech, K.},
	year = {2005},
	doi = {10.2458/azu_uapress_9780816540068-ch013},
	pages = {1--1},
}

@article{fulle_co-driven_2020,
	title = {{CO}-driven activity constrains the origin of comets},
	volume = {636},
	issn = {0004-6361, 1432-0746},
	url = {https://www.aanda.org/10.1051/0004-6361/202037805},
	doi = {10.1051/0004-6361/202037805},
	language = {en},
	urldate = {2023-10-09},
	journal = {Astronomy \& Astrophysics},
	author = {Fulle, M. and Blum, J. and Rotundi, A.},
	month = apr,
	year = {2020},
	pages = {L3},
}

@misc{bolin_palomar_2023,
	title = {Palomar discovery and initial characterization of naked-eye long period comet {C}/2022 {E3} ({ZTF})},
	url = {http://arxiv.org/abs/2309.14336},
	urldate = {2023-10-09},
	publisher = {arXiv},
	author = {Bolin, B. T. and Masci, F. J. and Duev, D. A. and Milburn, J. W. and Purdum, J. N. and Avdellidou, C. and Cheng, Y.-C. and Delbo, M. and Fremling, C. and Ghosal, M. and Lin, Z.-Y. and Lisse, C. M. and Mahabal, A. and Saki, M.},
	month = sep,
	year = {2023},
	note = {arXiv:2309.14336 [astro-ph]},
}

@article{hui_splitting_2023,
	title = {Splitting of {Long}-period {Comet} {C}/2018 {F4} ({PANSTARRS})},
	volume = {166},
	issn = {0004-6256, 1538-3881},
	url = {https://iopscience.iop.org/article/10.3847/1538-3881/acdc9c},
	doi = {10.3847/1538-3881/acdc9c},
	language = {en},
	number = {2},
	urldate = {2023-10-09},
	journal = {The Astronomical Journal},
	author = {Hui, Man-To and Kelley, Michael S. P. and Hung, Denise and Lister, Tim and Chatelain, Joseph and Gomez, Edward and Greenstreet, Sarah},
	month = aug,
	year = {2023},
	pages = {47},
}

@article{fouchard_what_2023,
	title = {What long-period comets tell us about the {Oort} {Cloud}},
	volume = {676},
	issn = {0004-6361, 1432-0746},
	url = {https://www.aanda.org/10.1051/0004-6361/202243728},
	doi = {10.1051/0004-6361/202243728},
	language = {en},
	urldate = {2023-10-09},
	fjournal = {Astronomy \& Astrophysics},
	journal = {A\&A},
	author = {Fouchard, Marc and Higuchi, Arika and Ito, Takashi},
	month = aug,
	year = {2023},
	pages = {A104},
}

@article{parhi_sublimation_2023,
	title = {Sublimation of ices during the early evolution of {Kuiper} belt objects},
	volume = {522},
	issn = {0035-8711, 1365-2966},
	url = {https://academic.oup.com/mnras/article/522/2/2081/7118036},
	doi = {10.1093/mnras/stad1086},
	language = {en},
	number = {2},
	urldate = {2023-10-09},
	journal = {Monthly Notices of the Royal Astronomical Society},
	author = {Parhi, Adam and Prialnik, Dina},
	month = apr,
	year = {2023},
	pages = {2081--2088},
}

@article{afghan_observations_2023,
	title = {Observations of a dust tail gap in comet {C}/2014 {Q1} ({PanSTARRS})},
	volume = {390},
	issn = {00191035},
	url = {https://linkinghub.elsevier.com/retrieve/pii/S0019103522003785},
	doi = {10.1016/j.icarus.2022.115286},
	language = {en},
	urldate = {2023-10-09},
	journal = {Icarus},
	author = {Afghan, Qasim and Jones, Geraint H. and Price, Oliver and Coates, Andrew},
	month = jan,
	year = {2023},
	pages = {115286},
}

@article{betzler_analysis_2017,
	title = {An analysis of the {BVRI} colors of 22 active comets},
	volume = {60},
	issn = {02731177},
	url = {https://linkinghub.elsevier.com/retrieve/pii/S0273117717303010},
	doi = {10.1016/j.asr.2017.04.021},
	language = {en},
	number = {3},
	urldate = {2023-10-11},
	journal = {Advances in Space Research},
	author = {Betzler, A.S. and Almeida, R.S. and Cerqueira, W.J. and Araujo, L.A. and Prazeres, C.J.M. and Jesus, J.N. and Bispo, P.A.S. and Andrade, V.B. and Freitas, Y.A.S. and Betzler, L.B.S.},
	month = aug,
	year = {2017},
	pages = {612--625},
}

@article{shi_monitoring_2023,
	title = {Monitoring {Cometary} {Activity} of {60P}/{Tsuchinshan} {During} {Its} 2018–2019 {Apparition}},
	volume = {943},
	issn = {0004-637X, 1538-4357},
	url = {https://iopscience.iop.org/article/10.3847/1538-4357/ac9c5f},
	doi = {10.3847/1538-4357/ac9c5f},
	abstract = {Comet 60P/Tsuchinshan is a Jupiter family comet. Since the discovery of 60P/Tsuchinshan, little research for cometary activity has been conducted on this comet, though it has returned to perihelion several times. To study the physical properties and activity characteristic of 60P/Tsuchinshan during its 2018–2019 apparition, we observed 60P/Tsuchinshan with broadband B, V, and R ﬁlters from 2018 November to 2019 March by using the 80 cm Yaoan High Precision Telescope at Yaoan Station of Purple Mountain Observatory, Chinese Academy of Sciences. Morphological analysis and photometric studies of 60P/Tsuchinshan were performed. The color indices, Afρ values, and dust production rates of 60P/Tsuchinshan were obtained. Morphological analysis showed that the comet was active and several images showed a spiral structure in the inner coma; this structure is regardless of the enhancement methods and cannot be explained by the rotation of 60P. The Afρ curve showed that the peak activity of 60P/Tsuchinshan was at about 10 days after perihelion. Compared to other Jupiter family comets at similar heliocentric distances, we found that 60P/Tsuchinshan was a very active comet. Dynamical analysis showed that 60P/Tsuchinshan’s perihelion distance was reduced from 1.77 to 1.62 au due to the close encounter with Jupiter that occurred on 2008 December 20; this may increase its activity in the next apparition.},
	language = {en},
	number = {1},
	urldate = {2023-10-17},
	fjournal = {The Astrophysical Journal},
	journal = {ApJ},
	author = {Shi, Jianchun and Xu, Ruiqi and Ma, Yuehua and Hu, Shoucun and Zhao, Haibin and Li, Fan and Yuan, Ye},
	month = jan,
	year = {2023},
	pages = {26},
}

@article{hughes_cometary_1988,
	title = {Cometary magnitude distribution and the ratio between the numbers of long- and short-period comets},
	volume = {73},
	issn = {00191035},
	url = {https://linkinghub.elsevier.com/retrieve/pii/0019103588900899},
	doi = {10.1016/0019-1035(88)90089-9},
	language = {en},
	number = {1},
	urldate = {2023-11-07},
	fjournal = {Icarus},
	journal = {Icar},
	author = {Hughes, David W.},
	month = jan,
	year = {1988},
	pages = {149--162},
}

@inproceedings{hughes_cometary_1990,
	title = {Cometary {Absolute} {Magnitudes}, their {Significance} and {Distribution}},
	booktitle = {Asteroids, {Comets}, {Meteors} {III}},
	author = {Hughes, D. W.},
	editor = {Lagerkvist, C. I. and Rickman, H. and Lindblad, B. A.},
	month = jan,
	year = {1990},
	pages = {327},
}

@article{ferrin_atlas_2010,
	title = {Atlas of secular light curves of comets},
	volume = {58},
	issn = {00320633},
	url = {https://linkinghub.elsevier.com/retrieve/pii/S0032063309003158},
	doi = {10.1016/j.pss.2009.09.026},
	abstract = {In this work we have compiled 37,692 observations of 27 periodic and non-periodic comets to create the secular light curves (SLCs), using two plots per comet. The data have been reduced homogeneously. Our overriding goal is to learn the properties of the ensemble of comets. More than 30 parameters are listed, of which over \$ 20 are new and measured from the plots. We deﬁne two ages for a comet using activity as a proxy, the photometric age P-AGE, and the time-age, T-AGE. It is shown that these parameters are robust, implying that the input data can have signiﬁcant errors but P-AGE and T-AGE come out with small errors. This is due to their mathematical deﬁnition. It is shown that P-AGE classiﬁes comets by shape of their light curve. The value of this Atlas is twofold: The SLCs not only show what we know, but also show what we do not know, thus pointing the way to meaningful observations. Besides their scientiﬁc value, these plots are useful for planning observations. The SLCs have not been modeled, and there is no cometary light curve standard model as there is for some variable stars (i.e. eclipsing binaries). Comets are classiﬁed by age and size. In this way it is found that 29P/ Schwassmann-Wachmann 1 is a baby goliath comet, while C/1983 J1 Sugano-Saigusa-Fujikawa is a middle age dwarf. There are new classes of comets based on their photometric properties. The secular light curves presented in this Atlas exhibit complexity beyond current understanding.},
	language = {en},
	number = {3},
	urldate = {2023-11-14},
	journal = {Planetary and Space Science},
	journal = {P\&SS},
	author = {Ferrín, Ignacio},
	month = feb,
	year = {2010},
	pages = {365--391},
}


@article{mazzotta_epifani_activity_2010,
	title = {The activity of comet {C}/2007 {D1} ({LINEAR}) at 9.7 {AU} from the {Sun}},
	volume = {513},
	issn = {0004-6361, 1432-0746},
	url = {http://www.aanda.org/10.1051/0004-6361/200913535},
	doi = {10.1051/0004-6361/200913535},
	language = {en},
	urldate = {2024-01-09},
	fjournal = {Astronomy and Astrophysics},
	journal = {A\&A},
	author = {Mazzotta Epifani, E. and Dall'Ora, M. and Di Fabrizio, L. and Licandro, J. and Palumbo, P. and Colangeli, L.},
	month = apr,
	year = {2010},
	pages = {A33},
}


@article{mazzotta_epifani_survey_2009,
	title = {A survey on the distant activity of short period comets},
	volume = {508},
	issn = {0004-6361, 1432-0746},
	url = {http://www.aanda.org/10.1051/0004-6361/200912611},
	doi = {10.1051/0004-6361/200912611},
	abstract = {Aims. The aim of this paper is to build up an inventory of observations of short period comets (SPCs) far from the Sun, and perform an analysis of general properties of the family, investigating the link between distant activity and present and historical orbital parameters. Methods. We gathered all the data available in the literature (as per June 2009) on SPCs ground-based and space observations at heliocentric distance rh {\textgreater} 3 AU. We analyzed the occurrence of distant activity with respect to: position on orbital branch, present orbital parameters (in particular the perihelion distance q), and their recent variations.},
	language = {en},
	number = {2},
	urldate = {2024-01-10},
	fjournal = {Astronomy \& Astrophysics},
	journal = {A\&A},
	author = {Mazzotta Epifani, E. and Palumbo, P. and Colangeli, L.},
	month = dec,
	year = {2009},
	pages = {1031--1044},
}

@article{kolokolova_color_2003,
	title = {Color of an ensemble of particles with a wide power-law size distribution: application to observations of {Comet} {Hale}–{Bopp} at},
	volume = {79-80},
	issn = {00224073},
	shorttitle = {Color of an ensemble of particles with a wide power-law size distribution},
	url = {https://linkinghub.elsevier.com/retrieve/pii/S0022407302003242},
	doi = {10.1016/S0022-4073(02)00324-2},
	abstract = {We present a method to extract the size distribution and characterize composition of dust particles using measurements of the scattered light at a number of wavelengths. The method is based on general light-scattering properties of particles with a power-law size distribution and places no limitation on particle shape or structure. We obtain equations that relate ÿve colors (i.e. ÿve ratios of intensities of scattered light measured at di erent wavelengths) to the ÿve dust characteristics: power index of the size distribution, the smallest and largest particle sizes, scattering e ciency averaged over the size range, and albedo ratio for the smallest and largest particles. The last two parameters depend mainly on the refractive index, i.e. on the composition of the material. We apply the method to spectrophotometric observations of Comet Hale–Bopp(C/1995 O1), made in September 1996. Spectral regions of pure continuum were used to produce a set of dust colors at a variety of distances from the nucleus for each date of observations. The solution of the sets of ÿve equations demonstrates how physical characteristics of comet dust change with the distance from the nucleus and how they vary for di erent dates of observations. The power of the size distribution was found to be equal to 3.15. This exceeds values found for other comets and is quantitative evidence for the overabundance of small particles in Comet Hale–Bopp. This conÿrms ÿndings reported by other observers. For observations made on September 10 –11, 1996 an outburst of small particles was indicated and its temporal evolution was studied.},
	language = {en},
	urldate = {2024-01-15},
	fjournal = {Journal of Quantitative Spectroscopy and Radiative Transfer},
	journal = {JQSRT},
	author = {Kolokolova, L and Lara, L.M and Schulz, R and Stüwe, J.A and Tozzi, G.P},
	month = jun,
	year = {2003},
	pages = {861--871},
}

@incollection{kolokolova_physical_2004,
	title = {Physical properties of cometary dust from light scattering and thermal emission},
	booktitle = {Comets {II}},
	author = {Kolokolova, L. and Hanner, M. S. and Levasseur-Regourd, A. -Ch. and Gustafson, B. \AA. S.},
	editor = {Festou, Michel C. and Keller, H. Uwe and Weaver, Harold A.},
	year = {2004},
	pages = {577},
}

# end of Comet, till 2024/1/17 ----------------------------------------------------------------

# dust

@article{mazzotta_epifani_dust_2011,
	title = {The dust coma environment of the short period comets {32P}/{Comas} {Solá}, {56P}/{Slaughter}-{Burnham}, and {78P}/{Gehrels} 2 from ground-based observations},
	volume = {525},
	issn = {0004-6361, 1432-0746},
	url = {http://www.aanda.org/10.1051/0004-6361/201014989},
	doi = {10.1051/0004-6361/201014989},
	language = {en},
	urldate = {2022-10-19},
	fjournal = {Astronomy \& Astrophysics},
	journal = {A\&A},
	author = {Mazzotta Epifani, E. and Palumbo, P.},
	month = jan,
	year = {2011},
	pages = {A62},
}

# end of dust



# others

@article{willmer_absolute_2018,
  title = {The {Absolute} {Magnitude} of the {Sun} in {Several} {Filters}},
  volume = {236},
  issn = {1538-4365},
  url = {https://iopscience.iop.org/article/10.3847/1538-4365/aabfdf},
  doi = {10.3847/1538-4365/aabfdf},
  language = {en},
  number = {2},
  urldate = {2022-04-19},
  fjournal = {The Astrophysical Journal Supplement Series},
  journal = {ApJS},
  author = {Willmer, Christopher N. A.},
  month = jun,
  year = {2018},
  pages = {47},
}

@article{alexander_water_2018,
	title = {Water {Reservoirs} in {Small} {Planetary} {Bodies}: {Meteorites}, {Asteroids}, and {Comets}},
	volume = {214},
	issn = {0038-6308, 1572-9672},
	shorttitle = {Water {Reservoirs} in {Small} {Planetary} {Bodies}},
	url = {http://link.springer.com/10.1007/s11214-018-0474-9},
	doi = {10.1007/s11214-018-0474-9},
	language = {en},
	number = {1},
	urldate = {2022-07-01},
	fjournal = {Space Science Reviews},
	journal = {SSRv},
	author = {Alexander, Conel M. O'D. and McKeegan, Kevin D. and Altwegg, Kathrin},
	month = feb,
	year = {2018},
	pages = {36},
}

@article{farnham_coma_2009,
	title = {Coma morphology of {Jupiter}-family comets},
	volume = {57},
	issn = {00320633},
	url = {https://linkinghub.elsevier.com/retrieve/pii/S0032063309000518},
	doi = {10.1016/j.pss.2009.02.008},
	language = {en},
	number = {10},
	urldate = {2022-07-12},
	fjournal = {Planetary and Space Science},
	journal = {P\&SS},
	author = {Farnham, Tony L.},
	month = aug,
	year = {2009},
	pages = {1192--1217},
}

@article{manzini_comet_2007,
	title = {Comet {Ikeya}-{Zhang} ({C}/2002 {C1}): {Determination} of the {Rotation} {Period} {From} {Observations} of {Morphological} {Structures}},
	volume = {100},
	issn = {0167-9295, 1573-0794},
	shorttitle = {Comet {Ikeya}-{Zhang} ({C}/2002 {C1})},
	url = {http://link.springer.com/10.1007/s11038-005-9062-6},
	doi = {10.1007/s11038-005-9062-6},
	language = {en},
	number = {1-2},
	urldate = {2022-07-12},
	journal = {Earth, Moon, and Planets},
	author = {Manzini, F. and Schwarz, G. and Cosmovici, C. B. and Guaita, C. and Comolli, L. and Brunati, A. and Crippa, R.},
	month = mar,
	year = {2007},
	pages = {1--16},
}

@article{szabo_photometric_2001,
	title = {Photometric observations of 9 {Near}-{Earth} {Objects}},
	volume = {375},
	issn = {0004-6361, 1432-0746},
	url = {http://www.aanda.org/10.1051/0004-6361:20010813},
	doi = {10.1051/0004-6361:20010813},
	language = {en},
	number = {1},
	urldate = {2022-07-12},
	fjournal = {Astronomy \& Astrophysics},
	journal = {A\&A},
	author = {Szabó, Gy. M. and Csák, B. and Sárneczky, K. and Kiss, L. L.},
	month = aug,
	year = {2001},
	pages = {285--292},
}

@article{korsun_cometary_2006,
	title = {Cometary activity of distant object {C}/2002 {VQ94} ({LINEAR})},
	volume = {459},
	issn = {0004-6361, 1432-0746},
	url = {http://www.aanda.org/10.1051/0004-6361:20065967},
	doi = {10.1051/0004-6361:20065967},
	language = {en},
	number = {3},
	urldate = {2022-07-12},
	fjournal = {Astronomy \& Astrophysics},
	journal = {A\&A},
	author = {Korsun, P. P. and Ivanova, O. V. and Afanasiev, V. L.},
	month = dec,
	year = {2006},
	pages = {977--980},
}

@article{korsun_optical_2016,
	title = {Optical spectrophotometric monitoring of comet {C}/2006 {W3} ({Christensen}) before perihelion},
	volume = {596},
	issn = {0004-6361, 1432-0746},
	url = {http://www.aanda.org/10.1051/0004-6361/201629046},
	doi = {10.1051/0004-6361/201629046},
	language = {en},
	urldate = {2022-07-12},
	fjournal = {Astronomy \& Astrophysics},
	journal = {A\&A},
	author = {Korsun, P. P. and Kulyk, I. and Ivanova, O. V. and Zakhozhay, O. V. and Afanasiev, V. L. and Sergeev, A. V. and Velichko, S. F.},
	month = dec,
	year = {2016},
	pages = {A48},
}

@article{kulyk_p2008_2016,
	title = {P/2008 {CL94} ({Lemmon}) and {P}/2011 {S1} ({Gibbs}): comet-like activity at large heliocentric distances},
	volume = {271},
	issn = {00191035},
	shorttitle = {P/2008 {CL94} ({Lemmon}) and {P}/2011 {S1} ({Gibbs})},
	url = {https://linkinghub.elsevier.com/retrieve/pii/S0019103516000865},
	doi = {10.1016/j.icarus.2016.01.037},
	language = {en},
	urldate = {2022-07-12},
	fjournal = {Icarus},
	journal = {Icar},
	author = {Kulyk, I. and Korsun, P. and Rousselot, P. and Afanasiev, V. and Ivanova, O.},
	month = jun,
	year = {2016},
	pages = {314--325},
}

@article{kulyk_physical_2018,
	title = {Physical activity of the selected nearly isotropic comets with perihelia at large heliocentric distance},
	volume = {611},
	issn = {0004-6361, 1432-0746},
	url = {https://www.aanda.org/10.1051/0004-6361/201731529},
	doi = {10.1051/0004-6361/201731529},
	language = {en},
	urldate = {2022-07-12},
	fjournal = {Astronomy \& Astrophysics},
	journal = {A\&A},
	author = {Kulyk, I. and Rousselot, P. and Korsun, P. P. and Afanasiev, V. L. and Sergeev, A. V. and Velichko, S. F.},
	month = mar,
	year = {2018},
	pages = {A32},
}

@article{kulyk_optical_2021,
	title = {Optical observations of near isotropic comet {C}/2006 {OF2} ({Broughton}) at two different heliocentric distances},
	volume = {355},
	issn = {00191035},
	url = {https://linkinghub.elsevier.com/retrieve/pii/S0019103520304966},
	doi = {10.1016/j.icarus.2020.114156},
	language = {en},
	urldate = {2022-07-12},
	fjournal = {Icarus},
	journal = {Icar},
	author = {Kulyk, I. and Korsun, P. and Lukyanyk, I. and Ivanova, O. and Afanasiev, V. and Lara, L.},
	month = feb,
	year = {2021},
	pages = {114156},
}

@article{prialnik_crystallization_1992,
	title = {Crystallization, sublimation, and gas release in the interior of a porous comet nucleus},
	volume = {388},
	issn = {0004-637X, 1538-4357},
	url = {http://adsabs.harvard.edu/doi/10.1086/171143},
	doi = {10.1086/171143},
	language = {en},
	urldate = {2022-07-12},
	fjournal = {The Astrophysical Journal},
	journal = {ApJ},
	author = {Prialnik, Dina},
	month = mar,
	year = {1992},
	pages = {196},
}

@article{capria_c1995_2002,
    author = {{Capria}, Maria Teresa and {Coradini}, Angioletta and {de Sanctis}, Maria Cristina},
    title = "{C/1995 O1 Hale-Bopp: Short and Long Distance activity from a Theoretical Model}",
    fjournal = {Earth Moon and Planets},
	journal = {EM\&P},
    keywords = {C/1995 O1 Hale-Bopp, comet, nucleus, C/1995 O1 Hale{\textendash}Bopp, C/1995 O1 Hale-Bopp, comet, nucleus},
    year = {2002},
    month = jun,
    volume = {90},
    number = {1},
    pages = {217-225},
    doi = {10.1023/A:1021549425922},
    adsurl = {https://ui.adsabs.harvard.edu/abs/2002EM&P...90..217C},
    adsnote = {Provided by the SAO/NASA Astrophysics Data System}
}

@article{ootsubo_akari_2012,
	title = {\textit{{AKARI}} {NEAR}-{INFRARED} {SPECTROSCOPIC} {SURVEY} {FOR} {CO} $_{\textrm{2}}$ {IN} 18 {COMETS}},
	volume = {752},
	issn = {0004-637X, 1538-4357},
	url = {https://iopscience.iop.org/article/10.1088/0004-637X/752/1/15},
	doi = {10.1088/0004-637X/752/1/15},
	language = {en},
	number = {1},
	urldate = {2022-07-12},
	fjournal = {The Astrophysical Journal},
	journal = {ApJ},
	author = {Ootsubo, Takafumi and Kawakita, Hideyo and Hamada, Saki and Kobayashi, Hitomi and Yamaguchi, Mitsuru and Usui, Fumihiko and Nakagawa, Takao and Ueno, Munetaka and Ishiguro, Masateru and Sekiguchi, Tomohiko and Watanabe, Jun-ichi and Sakon, Itsuki and Shimonishi, Takashi and Onaka, Takashi},
	month = jun,
	year = {2012},
	pages = {15},
}


@article{samus_general_2017,
	title = {General catalogue of variable stars: {Version} {GCVS} 5.1},
	volume = {61},
	issn = {1063-7729, 1562-6881},
	shorttitle = {General catalogue of variable stars},
	url = {http://link.springer.com/10.1134/S1063772917010085},
	doi = {10.1134/S1063772917010085},
	language = {en},
	number = {1},
	urldate = {2022-04-19},
	fjournal = {Astronomy Reports},
	journal = {ARep},
	author = {Samus', N. N. and Kazarovets, E. V. and Durlevich, O. V. and Kireeva, N. N. and Pastukhova, E. N.},
	month = jan,
	year = {2017},
	pages = {80--88},
}

@article{zacharias_fourth_2013,
	title = {{THE} {FOURTH} {US} {NAVAL} {OBSERVATORY} {CCD} {ASTROGRAPH} {CATALOG} ({UCAC4})},
	volume = {145},
	issn = {0004-6256, 1538-3881},
	url = {https://iopscience.iop.org/article/10.1088/0004-6256/145/2/44},
	doi = {10.1088/0004-6256/145/2/44},
	language = {en},
	number = {2},
	urldate = {2022-05-07},
	fjournal = {The Astronomical Journal},
	journal = {AJ},
	author = {Zacharias, N. and Finch, C. T. and Girard, T. M. and Henden, A. and Bartlett, J. L. and Monet, D. G. and Zacharias, M. I.},
	month = jan,
	year = {2013},
	pages = {44},
}

@article{zacharias_ucac5_2017,
	title = {{UCAC5}: {New} {Proper} {Motions} {Using} \textit{{Gaia}} {DR1}},
	volume = {153},
	issn = {1538-3881},
	shorttitle = {{UCAC5}},
	url = {https://iopscience.iop.org/article/10.3847/1538-3881/aa6196},
	doi = {10.3847/1538-3881/aa6196},
	language = {en},
	number = {4},
	urldate = {2022-06-15},
	fjournal = {The Astronomical Journal},
	journal = {AJ},
	author = {Zacharias, N. and Finch, C. and Frouard, J.},
	month = mar,
	year = {2017},
	pages = {166},
}


@article{ramirez_ubvric_2012,
	title = {The {UBV}({RI})c colors of the {Sun}},
	volume = {752},
	issn = {0004-637X, 1538-4357},
	url = {http://arxiv.org/abs/1204.0828},
	doi = {10.1088/0004-637X/752/1/5},
	abstract = {Photometric data in the UBV(RI)c system have been acquired for 80 solar analog stars for which we have previously derived highly precise atmospheric parameters Teff, log g, and [Fe/H] using high resolution, high signal-to-noise ratio spectra. UBV and (RI)c data for 46 and 76 of these stars, respectively, are published for the first time. Combining our data with those from the literature, colors in the UBV(RI)c system, with {\textasciitilde}0.01 mag precision, are now available for 112 solar analogs. Multiple linear regression is used to derive the solar colors from these photometric data and the spectroscopically derived Teff, log g, and [Fe/H] values. To minimize the impact of systematic errors in the model-dependent atmospheric parameters, we use only the data for the ten stars that most closely resemble our Sun, i.e., the solar twins, and derive the following solar colors: (B-V)=0.653+/-0.005, (U-B)=0.166+/-0.022, (V-R)=0.352+/-0.007, and (V-I)=0.702+/-0.010. These colors are consistent, within the 1 sigma errors, with those derived using the entire sample of 112 solar analogs. We also derive the solar colors using the relation between spectral line-depth ratios and observed stellar colors, i.e., with a completely model-independent approach, and without restricting the analysis to solar twins. We find: (B-V)=0.653+/-0.003, (U-B)=0.158+/-0.009, (V-R)=0.356+/-0.003, and (V-I)=0.701+/-0.003, in excellent agreement with the model-dependent analysis.},
	number = {1},
	urldate = {2023-01-17},
	fjournal = {The Astrophysical Journal},
	journal = {ApJ},
	author = {Ramirez, I. and Michel, R. and Sefako, R. and Maia, M. Tucci and Schuster, W. J. and van Wyk, F. and Melendez, J. and Casagrande, L. and Castilho, B. V.},
	month = jun,
	year = {2012},
	note = {arXiv:1204.0828 [astro-ph]},
	keywords = {Astrophysics - Solar and Stellar Astrophysics},
	pages = {5},
	file = {arXiv Fulltext PDF:D\:\\Document\\Zotero\\storage\\B7TAADYP\\Ramirez et al. - 2012 - The UBV(RI)c colors of the Sun.pdf:application/pdf;arXiv.org Snapshot:D\:\\Document\\Zotero\\storage\\RJHUSGCW\\1204.html:text/html},
}

# end of others, till 2023/1/17 ----------------------------------------------------------------

# Comets III

@misc{jewitt_asteroid-comet_2022,
	title = {The {Asteroid}-{Comet} {Continuum}},
	url = {http://arxiv.org/abs/2203.01397},
	language = {en},
	urldate = {2023-06-06},
	publisher = {arXiv},
	author = {Jewitt, David and Hsieh, Henry H.},
	month = dec,
	year = {2022},
	note = {arXiv:2203.01397 [astro-ph]},
	keywords = {Astrophysics - Earth and Planetary Astrophysics},
}

@article{crovisier_radio_2009,
	title = {Radio observations of {Jupiter}-family comets},
	volume = {57},
	issn = {00320633},
	url = {http://arxiv.org/abs/0808.3843},
	doi = {10.1016/j.pss.2008.08.019},
	language = {en},
	number = {10},
	urldate = {2023-06-06},
	journal = {Planetary and Space Science},
	author = {Crovisier, J. and Biver, N. and Bockelée-Morvan, D. and Colom, P.},
	month = aug,
	year = {2009},
	note = {arXiv:0808.3843 [astro-ph]},
	keywords = {Astrophysics},
	pages = {1162--1174},
}

@misc{knight_physical_2023,
	title = {Physical and {Surface} {Properties} of {Comet} {Nuclei} from {Remote} {Observations}},
	url = {http://arxiv.org/abs/2304.09309},
	language = {en},
	urldate = {2023-06-06},
	publisher = {arXiv},
	author = {Knight, Matthew M. and Kokotanekova, Rosita and Samarasinha, Nalin H.},
	month = apr,
	year = {2023},
	note = {arXiv:2304.09309 [astro-ph]},
	keywords = {Astrophysics - Earth and Planetary Astrophysics},
}

@misc{fitzsimmons_interstellar_2023,
	title = {Interstellar {Objects} and {Exocomets}},
	url = {http://arxiv.org/abs/2303.17980},
	language = {en},
	urldate = {2023-06-06},
	publisher = {arXiv},
	author = {Fitzsimmons, Alan and Meech, Karem and Matrà, Luca and Pfalzner, Susanne},
	month = mar,
	year = {2023},
	note = {arXiv:2303.17980 [astro-ph]},
	keywords = {Astrophysics - Earth and Planetary Astrophysics, Astrophysics - Astrophysics of Galaxies},
}

@misc{bergin_interstellar_2023,
	title = {Interstellar {Heritage} and the {Birth} {Environment} of the {Solar} {System}},
	url = {http://arxiv.org/abs/2301.05212},
	language = {en},
	urldate = {2023-06-06},
	publisher = {arXiv},
	author = {Bergin, Edwin A. and Alexander, Conel and Drozdovskaya, Maria and Gounelle, Matthieu and Pfalzner, Susanne},
	month = jan,
	year = {2023},
	note = {arXiv:2301.05212 [astro-ph]},
	keywords = {Astrophysics - Solar and Stellar Astrophysics, Astrophysics - Earth and Planetary Astrophysics, Astrophysics - Astrophysics of Galaxies},
}

@misc{aikawa_physical_2023,
	title = {The physical and chemical processes in protoplanetary disks: constraints on the composition of comets},
	shorttitle = {The physical and chemical processes in protoplanetary disks},
	url = {http://arxiv.org/abs/2212.14529},
	language = {en},
	urldate = {2023-06-06},
	publisher = {arXiv},
	author = {Aikawa, Yuri and Okuzumi, Satoshi and Pontoppidan, Klaus},
	month = jan,
	year = {2023},
	note = {arXiv:2212.14529 [astro-ph]},
	keywords = {Astrophysics - Solar and Stellar Astrophysics, Astrophysics - Earth and Planetary Astrophysics},
}

@misc{simon_comets_2022,
	title = {Comets and {Planetesimal} {Formation}},
	url = {http://arxiv.org/abs/2212.04509},
	language = {en},
	urldate = {2023-06-06},
	publisher = {arXiv},
	author = {Simon, Jacob B. and Blum, Jürgen and Birnstiel, Til and Nesvorný, David},
	month = dec,
	year = {2022},
	note = {arXiv:2212.04509 [astro-ph]},
	keywords = {Astrophysics - Solar and Stellar Astrophysics, Astrophysics - Earth and Planetary Astrophysics},
}

@misc{gotz_solar_2022,
	title = {Solar wind interaction with a comet: evolution, variability, and implication},
	shorttitle = {Solar wind interaction with a comet},
	url = {http://arxiv.org/abs/2211.04887},
	language = {en},
	urldate = {2023-06-06},
	publisher = {arXiv},
	author = {Götz, Charlotte and Deca, Jan and Mandt, Kathleen and Volwerk, Martin},
	month = nov,
	year = {2022},
	note = {arXiv:2211.04887 [astro-ph, physics:physics]},
	keywords = {Astrophysics - Earth and Planetary Astrophysics, Physics - Space Physics},
}

@misc{beth_cometary_2022,
	title = {Cometary {Ionospheres}: {An} {Updated} {Tutorial}},
	shorttitle = {Cometary {Ionospheres}},
	url = {http://arxiv.org/abs/2211.03868},
	language = {en},
	urldate = {2023-06-06},
	publisher = {arXiv},
	author = {Beth, Arnaud and Galand, Marina and Wedlund, Cyril Simon and Eriksson, Anders},
	month = nov,
	year = {2022},
	note = {arXiv:2211.03868 [astro-ph, physics:physics]},
	keywords = {Astrophysics - Earth and Planetary Astrophysics, Physics - Space Physics},
}

@misc{bauer_comet_2022,
	title = {Comet {Science} {With} {Ground} {Based} and {Space} {Based} {Surveys} in the {New} {Millennium}},
	url = {http://arxiv.org/abs/2210.09400},
	language = {en},
	urldate = {2023-06-06},
	publisher = {arXiv},
	author = {Bauer, J. M. and Fernández, Y. R. and Protopapa, S. and Woodney, L. M.},
	month = oct,
	year = {2022},
	note = {arXiv:2210.09400 [astro-ph]},
	keywords = {Astrophysics - Earth and Planetary Astrophysics},
}

@misc{ye_comets_2022,
	title = {Comets and meteor showers},
	url = {http://arxiv.org/abs/2209.10654},
	language = {en},
	urldate = {2023-06-06},
	publisher = {arXiv},
	author = {Ye, Quanzhi and Jenniskens, Peter},
	month = sep,
	year = {2022},
	note = {arXiv:2209.10654 [astro-ph]},
	keywords = {Astrophysics - Earth and Planetary Astrophysics},
}

@misc{bodewits_radiative_2022,
	title = {Radiative processes as diagnostics of cometary atmospheres},
	url = {http://arxiv.org/abs/2209.02616},
	language = {en},
	urldate = {2023-06-06},
	publisher = {arXiv},
	author = {Bodewits, D. and Bonev, B. P. and Cordiner, M. A. and Villanueva, G. L.},
	month = sep,
	year = {2022},
	note = {arXiv:2209.02616 [astro-ph]},
	keywords = {Astrophysics - Earth and Planetary Astrophysics},
}

@misc{snodgrass_past_2022,
	title = {Past and {Future} {Comet} {Missions}},
	url = {http://arxiv.org/abs/2208.08476},
	language = {en},
	urldate = {2023-06-06},
	publisher = {arXiv},
	author = {Snodgrass, C. and Feaga, L. and Jones, G. H. and Kueppers, M. and Tubiana, C.},
	month = aug,
	year = {2022},
	note = {arXiv:2208.08476 [astro-ph]},
	keywords = {Astrophysics - Instrumentation and Methods for Astrophysics, Astrophysics - Earth and Planetary Astrophysics},
}

@misc{biver_chemistry_2022,
	title = {Chemistry of comet atmospheres},
	url = {http://arxiv.org/abs/2207.04800},
	language = {en},
	urldate = {2023-06-06},
	publisher = {arXiv},
	author = {Biver, Nicolas and Russo, Neil Dello and Opitom, Cyrielle and Rubin, Martin},
	month = jul,
	year = {2022},
	note = {arXiv:2207.04800 [astro-ph]},
	keywords = {Astrophysics - Earth and Planetary Astrophysics},
}

@misc{kaib_dynamical_2022,
	title = {Dynamical {Population} of {Comet} {Reservoirs}},
	url = {http://arxiv.org/abs/2206.00010},
	language = {en},
	urldate = {2023-06-06},
	publisher = {arXiv},
	author = {Kaib, Nathan A. and Volk, Kathryn},
	month = may,
	year = {2022},
	note = {arXiv:2206.00010 [astro-ph]},
	keywords = {Astrophysics - Earth and Planetary Astrophysics, Astrophysics - Astrophysics of Galaxies},
}

@misc{filacchione_comet_2022,
	title = {Comet nuclei composition and evolution},
	url = {http://arxiv.org/abs/2210.02741},
	language = {en},
	urldate = {2023-06-06},
	publisher = {arXiv},
	author = {Filacchione, Gianrico and Ciarniello, Mauro and Fornasier, Sonia and Raponi, Andrea},
	month = oct,
	year = {2022},
	note = {arXiv:2210.02741 [astro-ph]},
	keywords = {Astrophysics - Earth and Planetary Astrophysics},
}

# end of Comets III, till 2023/6/6